{
  "updated_at": "2026-01-04T23:15:44.461567",
  "total_products": 1014,
  "stores": {
    "New World": 345,
    "PAK'nSAVE": 385,
    "Woolworths": 284
  },
  "products": [
    {
      "store": "New World",
      "name": "Prime Beef Mince\n\nkg",
      "brand": null,
      "price": 22.89,
      "original_price": 22.89,
      "price_per_kg": null,
      "unit_type": "ea",
      "saving": 0.0,
      "percent_off": 0.0,
      "deal_type": null,
      "scraped_at": "2026-01-04T23:08:19.747118"
    },
    {
      "store": "New World",
      "name": "NZ Premium Beef Mince\n\nkg",
      "brand": null,
      "price": 27.89,
      "original_price": 27.89,
      "price_per_kg": null,
      "unit_type": "ea",
      "saving": 0.0,
      "percent_off": 0.0,
      "deal_type": null,
      "scraped_at": "2026-01-04T23:08:19.793453"
    },
    {
      "store": "New World",
      "name": "Beef Rump Steak\n\nkg",
      "brand": null,
      "price": 34.89,
      "original_price": 34.89,
      "price_per_kg": null,
      "unit_type": "ea",
      "saving": 0.0,
      "percent_off": 0.0,
      "deal_type": null,
      "scraped_at": "2026-01-04T23:08:19.836707"
    },
    {
      "store": "New World",
      "name": "Lamb Leg Roast\n\nkg",
      "brand": null,
      "price": 25.49,
      "original_price": 25.49,
      "price_per_kg": null,
      "unit_type": "ea",
      "saving": 0.0,
      "percent_off": 0.0,
      "deal_type": null,
      "scraped_at": "2026-01-04T23:08:19.879430"
    },
    {
      "store": "New World",
      "name": "Lamb Shoulder Chops\n\nkg",
      "brand": null,
      "price": 19.99,
      "original_price": 19.99,
      "price_per_kg": null,
      "unit_type": "ea",
      "saving": 0.0,
      "percent_off": 0.0,
      "deal_type": null,
      "scraped_at": "2026-01-04T23:08:19.922321"
    },
    {
      "store": "New World",
      "name": "Beef Scotch Fillet Steak\n\nkg",
      "brand": null,
      "price": 47.99,
      "original_price": 47.99,
      "price_per_kg": null,
      "unit_type": "ea",
      "saving": 0.0,
      "percent_off": 0.0,
      "deal_type": "Super Saver",
      "scraped_at": "2026-01-04T23:08:19.961122"
    },
    {
      "store": "New World",
      "name": "NZ Beef Porterhouse Steak\n\nkg",
      "brand": null,
      "price": 41.89,
      "original_price": 41.89,
      "price_per_kg": null,
      "unit_type": "ea",
      "saving": 0.0,
      "percent_off": 0.0,
      "deal_type": null,
      "scraped_at": "2026-01-04T23:08:20.009264"
    },
    {
      "store": "New World",
      "name": "NZ Pork Loin Chops\n\nkg",
      "brand": null,
      "price": 15.99,
      "original_price": 15.99,
      "price_per_kg": null,
      "unit_type": "ea",
      "saving": 0.0,
      "percent_off": 0.0,
      "deal_type": null,
      "scraped_at": "2026-01-04T23:08:20.051901"
    },
    {
      "store": "New World",
      "name": "Lamb Loin Chops\n\nkg",
      "brand": null,
      "price": 29.99,
      "original_price": 29.99,
      "price_per_kg": null,
      "unit_type": "ea",
      "saving": 0.0,
      "percent_off": 0.0,
      "deal_type": null,
      "scraped_at": "2026-01-04T23:08:20.093645"
    },
    {
      "store": "New World",
      "name": "Vacuum Packed Whole Lamb Leg\n\nkg",
      "brand": null,
      "price": 25.49,
      "original_price": 25.49,
      "price_per_kg": null,
      "unit_type": "ea",
      "saving": 0.0,
      "percent_off": 0.0,
      "deal_type": null,
      "scraped_at": "2026-01-04T23:08:20.135690"
    },
    {
      "store": "New World",
      "name": "Pams Streaky Bacon\n\n250g",
      "brand": null,
      "price": 7.29,
      "original_price": 7.29,
      "price_per_kg": null,
      "unit_type": "ea",
      "saving": 0.0,
      "percent_off": 0.0,
      "deal_type": null,
      "scraped_at": "2026-01-04T23:08:20.177368"
    },
    {
      "store": "New World",
      "name": "NZ Pork Mince\n\nkg",
      "brand": null,
      "price": 18.89,
      "original_price": 18.89,
      "price_per_kg": null,
      "unit_type": "ea",
      "saving": 0.0,
      "percent_off": 0.0,
      "deal_type": null,
      "scraped_at": "2026-01-04T23:08:20.219508"
    },
    {
      "store": "New World",
      "name": "Pork Leg\n\nkg",
      "brand": null,
      "price": 12.59,
      "original_price": 12.59,
      "price_per_kg": null,
      "unit_type": "ea",
      "saving": 0.0,
      "percent_off": 0.0,
      "deal_type": null,
      "scraped_at": "2026-01-04T23:08:20.260896"
    },
    {
      "store": "New World",
      "name": "NZ Pork Shoulder Roast\n\nkg",
      "brand": null,
      "price": 12.99,
      "original_price": 12.99,
      "price_per_kg": null,
      "unit_type": "ea",
      "saving": 0.0,
      "percent_off": 0.0,
      "deal_type": null,
      "scraped_at": "2026-01-04T23:08:20.301809"
    },
    {
      "store": "New World",
      "name": "Beehive Streaky Bacon\n\n800g",
      "brand": null,
      "price": 22.39,
      "original_price": 22.39,
      "price_per_kg": null,
      "unit_type": "ea",
      "saving": 0.0,
      "percent_off": 0.0,
      "deal_type": "Club Deal",
      "scraped_at": "2026-01-04T23:08:20.342927"
    },
    {
      "store": "New World",
      "name": "Hellers Manuka Smoked Streaky Bacon\n\n250g",
      "brand": null,
      "price": 8.25,
      "original_price": 8.25,
      "price_per_kg": null,
      "unit_type": "ea",
      "saving": 0.0,
      "percent_off": 0.0,
      "deal_type": "Club Deal",
      "scraped_at": "2026-01-04T23:08:20.524506"
    },
    {
      "store": "New World",
      "name": "Pams Sliced Champagne Leg Ham\n\n225g",
      "brand": null,
      "price": 5.59,
      "original_price": 5.59,
      "price_per_kg": null,
      "unit_type": "ea",
      "saving": 0.0,
      "percent_off": 0.0,
      "deal_type": null,
      "scraped_at": "2026-01-04T23:08:20.570091"
    },
    {
      "store": "New World",
      "name": "Farmland Wickford Ham\n\nkg",
      "brand": null,
      "price": 24.9,
      "original_price": 24.9,
      "price_per_kg": null,
      "unit_type": "ea",
      "saving": 0.0,
      "percent_off": 0.0,
      "deal_type": null,
      "scraped_at": "2026-01-04T23:08:20.616257"
    },
    {
      "store": "New World",
      "name": "Beehive Streaky Bacon\n\n250g",
      "brand": null,
      "price": 9.19,
      "original_price": 9.19,
      "price_per_kg": null,
      "unit_type": "ea",
      "saving": 0.0,
      "percent_off": 0.0,
      "deal_type": "Club Deal",
      "scraped_at": "2026-01-04T23:08:20.654683"
    },
    {
      "store": "New World",
      "name": "Hellers Shaved Manuka Smoked Ham\n\n200g",
      "brand": null,
      "price": 7.19,
      "original_price": 7.19,
      "price_per_kg": null,
      "unit_type": "ea",
      "saving": 0.0,
      "percent_off": 0.0,
      "deal_type": null,
      "scraped_at": "2026-01-04T23:08:20.733700"
    },
    {
      "store": "New World",
      "name": "Hellers Sausage Meat\n\n450g",
      "brand": null,
      "price": 7.29,
      "original_price": 7.29,
      "price_per_kg": null,
      "unit_type": "ea",
      "saving": 0.0,
      "percent_off": 0.0,
      "deal_type": null,
      "scraped_at": "2026-01-04T23:08:20.785555"
    },
    {
      "store": "New World",
      "name": "Beehive Shaved Champagne Ham\n\n200g",
      "brand": null,
      "price": 7.99,
      "original_price": 7.99,
      "price_per_kg": null,
      "unit_type": "ea",
      "saving": 0.0,
      "percent_off": 0.0,
      "deal_type": null,
      "scraped_at": "2026-01-04T23:08:20.821599"
    },
    {
      "store": "New World",
      "name": "NZ Beef Schnitzel\n\nkg",
      "brand": null,
      "price": 24.99,
      "original_price": 24.99,
      "price_per_kg": null,
      "unit_type": "ea",
      "saving": 0.0,
      "percent_off": 0.0,
      "deal_type": "Super Saver",
      "scraped_at": "2026-01-04T23:08:20.862697"
    },
    {
      "store": "New World",
      "name": "Lamb Steak\n\nkg",
      "brand": null,
      "price": 36.99,
      "original_price": 36.99,
      "price_per_kg": null,
      "unit_type": "ea",
      "saving": 0.0,
      "percent_off": 0.0,
      "deal_type": null,
      "scraped_at": "2026-01-04T23:08:20.908982"
    },
    {
      "store": "New World",
      "name": "Crumbed Beef Schnitzel\n\nkg",
      "brand": null,
      "price": 24.99,
      "original_price": 24.99,
      "price_per_kg": null,
      "unit_type": "ea",
      "saving": 0.0,
      "percent_off": 0.0,
      "deal_type": "Super Saver",
      "scraped_at": "2026-01-04T23:08:20.992518"
    },
    {
      "store": "New World",
      "name": "Farmland Streaky Bacon\n\n500g",
      "brand": null,
      "price": 17.39,
      "original_price": 17.39,
      "price_per_kg": null,
      "unit_type": "ea",
      "saving": 0.0,
      "percent_off": 0.0,
      "deal_type": "Club Deal",
      "scraped_at": "2026-01-04T23:08:21.032710"
    },
    {
      "store": "New World",
      "name": "Pams Fresh Whole Chicken Medium\n\n1.5kg",
      "brand": null,
      "price": 14.69,
      "original_price": 14.69,
      "price_per_kg": null,
      "unit_type": "ea",
      "saving": 0.0,
      "percent_off": 0.0,
      "deal_type": null,
      "scraped_at": "2026-01-04T23:08:21.077945"
    },
    {
      "store": "New World",
      "name": "Hellers London Pride Sausages\n\n6pk",
      "brand": null,
      "price": 7.99,
      "original_price": 7.99,
      "price_per_kg": null,
      "unit_type": "ea",
      "saving": 0.0,
      "percent_off": 0.0,
      "deal_type": "Super Saver",
      "scraped_at": "2026-01-04T23:08:21.118986"
    },
    {
      "store": "New World",
      "name": "Hellers Craft Angus Beef Sausages\n\n6pk",
      "brand": null,
      "price": 10.99,
      "original_price": 10.99,
      "price_per_kg": null,
      "unit_type": "ea",
      "saving": 0.0,
      "percent_off": 0.0,
      "deal_type": null,
      "scraped_at": "2026-01-04T23:08:21.193274"
    },
    {
      "store": "New World",
      "name": "Pams Streaky Bacon\n\n500g",
      "brand": null,
      "price": 12.45,
      "original_price": 12.45,
      "price_per_kg": null,
      "unit_type": "ea",
      "saving": 0.0,
      "percent_off": 0.0,
      "deal_type": null,
      "scraped_at": "2026-01-04T23:08:21.234183"
    },
    {
      "store": "New World",
      "name": "Diced Chicken\n\nkg",
      "brand": null,
      "price": 18.99,
      "original_price": 18.99,
      "price_per_kg": null,
      "unit_type": "ea",
      "saving": 0.0,
      "percent_off": 0.0,
      "deal_type": null,
      "scraped_at": "2026-01-04T23:08:21.275339"
    },
    {
      "store": "New World",
      "name": "Hellers Shaved Champagne Ham\n\n200g",
      "brand": null,
      "price": 7.19,
      "original_price": 7.19,
      "price_per_kg": null,
      "unit_type": "ea",
      "saving": 0.0,
      "percent_off": 0.0,
      "deal_type": null,
      "scraped_at": "2026-01-04T23:08:21.320061"
    },
    {
      "store": "New World",
      "name": "Hellers Genuine Pork Sausages\n\n6pk",
      "brand": null,
      "price": 7.99,
      "original_price": 7.99,
      "price_per_kg": null,
      "unit_type": "ea",
      "saving": 0.0,
      "percent_off": 0.0,
      "deal_type": "Super Saver",
      "scraped_at": "2026-01-04T23:08:21.360526"
    },
    {
      "store": "New World",
      "name": "Sizzlers Double Cheese\n\n450g",
      "brand": null,
      "price": 7.15,
      "original_price": 7.15,
      "price_per_kg": null,
      "unit_type": "ea",
      "saving": 0.0,
      "percent_off": 0.0,
      "deal_type": null,
      "scraped_at": "2026-01-04T23:08:21.442950"
    },
    {
      "store": "New World",
      "name": "Hellers Trusty BBQ Pre-Cooked Sausages\n\n1kg",
      "brand": null,
      "price": 13.15,
      "original_price": 13.15,
      "price_per_kg": null,
      "unit_type": "ea",
      "saving": 0.0,
      "percent_off": 0.0,
      "deal_type": null,
      "scraped_at": "2026-01-04T23:08:21.481005"
    },
    {
      "store": "New World",
      "name": "Beef Fillet Steak\n\nkg",
      "brand": null,
      "price": 63.99,
      "original_price": 63.99,
      "price_per_kg": null,
      "unit_type": "ea",
      "saving": 0.0,
      "percent_off": 0.0,
      "deal_type": null,
      "scraped_at": "2026-01-04T23:08:21.526720"
    },
    {
      "store": "New World",
      "name": "NZ Pork Shoulder Chops\n\nkg",
      "brand": null,
      "price": 15.79,
      "original_price": 15.79,
      "price_per_kg": null,
      "unit_type": "ea",
      "saving": 0.0,
      "percent_off": 0.0,
      "deal_type": null,
      "scraped_at": "2026-01-04T23:08:21.600693"
    },
    {
      "store": "New World",
      "name": "Hellers Manuka Smoked Streaky Bacon\n\n400g",
      "brand": null,
      "price": 12.89,
      "original_price": 12.89,
      "price_per_kg": null,
      "unit_type": "ea",
      "saving": 0.0,
      "percent_off": 0.0,
      "deal_type": "Club Deal",
      "scraped_at": "2026-01-04T23:08:21.678693"
    },
    {
      "store": "New World",
      "name": "Pams Middle Bacon\n\n350g",
      "brand": null,
      "price": 6.99,
      "original_price": 6.99,
      "price_per_kg": null,
      "unit_type": "ea",
      "saving": 0.0,
      "percent_off": 0.0,
      "deal_type": null,
      "scraped_at": "2026-01-04T23:08:37.852474"
    },
    {
      "store": "New World",
      "name": "Pork Sirloin Steak\n\nkg",
      "brand": null,
      "price": 23.99,
      "original_price": 23.99,
      "price_per_kg": null,
      "unit_type": "ea",
      "saving": 0.0,
      "percent_off": 0.0,
      "deal_type": "Super Saver",
      "scraped_at": "2026-01-04T23:08:37.894874"
    },
    {
      "store": "New World",
      "name": "Boneless Chicken Thigh Fillets\n\nkg",
      "brand": null,
      "price": 24.99,
      "original_price": 24.99,
      "price_per_kg": null,
      "unit_type": "ea",
      "saving": 0.0,
      "percent_off": 0.0,
      "deal_type": null,
      "scraped_at": "2026-01-04T23:08:37.940267"
    },
    {
      "store": "New World",
      "name": "Pams Shoulder Bacon\n\n400g",
      "brand": null,
      "price": 6.99,
      "original_price": 6.99,
      "price_per_kg": null,
      "unit_type": "ea",
      "saving": 0.0,
      "percent_off": 0.0,
      "deal_type": null,
      "scraped_at": "2026-01-04T23:08:37.981441"
    },
    {
      "store": "New World",
      "name": "Brink's Chicken Tenderloins\n\nkg",
      "brand": null,
      "price": 23.49,
      "original_price": 23.49,
      "price_per_kg": null,
      "unit_type": "ea",
      "saving": 0.0,
      "percent_off": 0.0,
      "deal_type": null,
      "scraped_at": "2026-01-04T23:08:38.027226"
    },
    {
      "store": "New World",
      "name": "Hellers Chunky Cheese Sausages\n\n1kg",
      "brand": null,
      "price": 14.69,
      "original_price": 14.69,
      "price_per_kg": null,
      "unit_type": "ea",
      "saving": 0.0,
      "percent_off": 0.0,
      "deal_type": null,
      "scraped_at": "2026-01-04T23:08:38.068896"
    },
    {
      "store": "New World",
      "name": "Hellers Chinese Honey Sausages\n\n1kg",
      "brand": null,
      "price": 14.69,
      "original_price": 14.69,
      "price_per_kg": null,
      "unit_type": "ea",
      "saving": 0.0,
      "percent_off": 0.0,
      "deal_type": null,
      "scraped_at": "2026-01-04T23:08:38.105236"
    },
    {
      "store": "New World",
      "name": "Hellers Craft Angus Beef Burgers\n\n4pk",
      "brand": null,
      "price": 10.99,
      "original_price": 10.99,
      "price_per_kg": null,
      "unit_type": "ea",
      "saving": 0.0,
      "percent_off": 0.0,
      "deal_type": null,
      "scraped_at": "2026-01-04T23:08:38.141687"
    },
    {
      "store": "New World",
      "name": "Hellers New Yorker Porker Sausages\n\n6pk",
      "brand": null,
      "price": 7.99,
      "original_price": 7.99,
      "price_per_kg": null,
      "unit_type": "ea",
      "saving": 0.0,
      "percent_off": 0.0,
      "deal_type": "Super Saver",
      "scraped_at": "2026-01-04T23:08:38.182983"
    },
    {
      "store": "New World",
      "name": "Aoraki Smokehouse Original Artisan Cold Smoked Salmon Slices\n\n100g",
      "brand": null,
      "price": 14.19,
      "original_price": 14.19,
      "price_per_kg": null,
      "unit_type": "ea",
      "saving": 0.0,
      "percent_off": 0.0,
      "deal_type": "Club Deal",
      "scraped_at": "2026-01-04T23:08:38.221196"
    },
    {
      "store": "New World",
      "name": "Hellers Manuka Smoked Shoulder Bacon\n\n200g",
      "brand": null,
      "price": 5.39,
      "original_price": 5.39,
      "price_per_kg": null,
      "unit_type": "ea",
      "saving": 0.0,
      "percent_off": 0.0,
      "deal_type": "Club Deal",
      "scraped_at": "2026-01-04T23:08:38.259387"
    },
    {
      "store": "New World",
      "name": "Hellers Craft Old Fashioned Beef Sausages\n\n6pk",
      "brand": null,
      "price": 10.99,
      "original_price": 10.99,
      "price_per_kg": null,
      "unit_type": "ea",
      "saving": 0.0,
      "percent_off": 0.0,
      "deal_type": null,
      "scraped_at": "2026-01-04T23:08:38.306194"
    },
    {
      "store": "New World",
      "name": "Bird & Barrow Skinless Chicken Breast\n\nkg",
      "brand": null,
      "price": 26.99,
      "original_price": 26.99,
      "price_per_kg": null,
      "unit_type": "ea",
      "saving": 0.0,
      "percent_off": 0.0,
      "deal_type": null,
      "scraped_at": "2026-01-04T23:08:38.378823"
    },
    {
      "store": "New World",
      "name": "Hellers Ol' Smokey Streaky Bacon\n\n800g",
      "brand": null,
      "price": 21.99,
      "original_price": 21.99,
      "price_per_kg": null,
      "unit_type": "ea",
      "saving": 0.0,
      "percent_off": 0.0,
      "deal_type": null,
      "scraped_at": "2026-01-04T23:08:38.418910"
    },
    {
      "store": "New World",
      "name": "Farmland Champagne Ham Sliced\n\nkg",
      "brand": null,
      "price": 25.9,
      "original_price": 25.9,
      "price_per_kg": null,
      "unit_type": "ea",
      "saving": 0.0,
      "percent_off": 0.0,
      "deal_type": "Super Saver",
      "scraped_at": "2026-01-04T23:08:38.456444"
    },
    {
      "store": "New World",
      "name": "Harris Farms Prime Beef Mince\n\n500g",
      "brand": null,
      "price": 11.75,
      "original_price": 11.75,
      "price_per_kg": null,
      "unit_type": "ea",
      "saving": 0.0,
      "percent_off": 0.0,
      "deal_type": null,
      "scraped_at": "2026-01-04T23:08:38.501148"
    },
    {
      "store": "New World",
      "name": "NZ Stir Fry Beef\n\nkg",
      "brand": null,
      "price": 30.99,
      "original_price": 30.99,
      "price_per_kg": null,
      "unit_type": "ea",
      "saving": 0.0,
      "percent_off": 0.0,
      "deal_type": null,
      "scraped_at": "2026-01-04T23:08:38.541043"
    },
    {
      "store": "New World",
      "name": "Ingham's Garlic & Herb Butterfly Chicken\n\n1.1kg",
      "brand": null,
      "price": 13.39,
      "original_price": 13.39,
      "price_per_kg": null,
      "unit_type": "ea",
      "saving": 0.0,
      "percent_off": 0.0,
      "deal_type": null,
      "scraped_at": "2026-01-04T23:08:38.655029"
    },
    {
      "store": "New World",
      "name": "Pams Streaky Bacon\n\n1kg",
      "brand": null,
      "price": 25.75,
      "original_price": 25.75,
      "price_per_kg": null,
      "unit_type": "ea",
      "saving": 0.0,
      "percent_off": 0.0,
      "deal_type": null,
      "scraped_at": "2026-01-04T23:08:38.690659"
    },
    {
      "store": "New World",
      "name": "Hellers Honey Cured Streaky Bacon\n\n250g",
      "brand": null,
      "price": 8.25,
      "original_price": 8.25,
      "price_per_kg": null,
      "unit_type": "ea",
      "saving": 0.0,
      "percent_off": 0.0,
      "deal_type": "Club Deal",
      "scraped_at": "2026-01-04T23:08:38.728691"
    },
    {
      "store": "New World",
      "name": "Pams Classic Beef Sausages\n\n6 x 75g",
      "brand": null,
      "price": 9.25,
      "original_price": 9.25,
      "price_per_kg": null,
      "unit_type": "ea",
      "saving": 0.0,
      "percent_off": 0.0,
      "deal_type": null,
      "scraped_at": "2026-01-04T23:08:38.773282"
    },
    {
      "store": "New World",
      "name": "Waitoa Manuka Honey & Rosemary Chicken\n\n1.1kg",
      "brand": null,
      "price": 13.86,
      "original_price": 15.25,
      "price_per_kg": null,
      "unit_type": "ea",
      "saving": 1.39,
      "percent_off": 9.1,
      "deal_type": "Club Deal",
      "scraped_at": "2026-01-04T23:08:38.806858"
    },
    {
      "store": "New World",
      "name": "NZ Diced Beef\n\nkg",
      "brand": null,
      "price": 30.99,
      "original_price": 30.99,
      "price_per_kg": null,
      "unit_type": "ea",
      "saving": 0.0,
      "percent_off": 0.0,
      "deal_type": null,
      "scraped_at": "2026-01-04T23:08:38.853311"
    },
    {
      "store": "New World",
      "name": "NZ Pork Slices\n\nkg",
      "brand": null,
      "price": 25.49,
      "original_price": 25.49,
      "price_per_kg": null,
      "unit_type": "ea",
      "saving": 0.0,
      "percent_off": 0.0,
      "deal_type": null,
      "scraped_at": "2026-01-04T23:08:38.893239"
    },
    {
      "store": "New World",
      "name": "Hellers Manuka Smoked Rasher Bacon\n\n800g",
      "brand": null,
      "price": 18.35,
      "original_price": 18.35,
      "price_per_kg": null,
      "unit_type": "ea",
      "saving": 0.0,
      "percent_off": 0.0,
      "deal_type": "Club Deal",
      "scraped_at": "2026-01-04T23:08:38.931166"
    },
    {
      "store": "New World",
      "name": "Hellers Manuka Smoked Streaky Bacon\n\n800g",
      "brand": null,
      "price": 21.99,
      "original_price": 21.99,
      "price_per_kg": null,
      "unit_type": "ea",
      "saving": 0.0,
      "percent_off": 0.0,
      "deal_type": null,
      "scraped_at": "2026-01-04T23:08:39.014857"
    },
    {
      "store": "New World",
      "name": "Hellers Craft Shredded Roast Chicken\n\n300g",
      "brand": null,
      "price": 11.85,
      "original_price": 11.85,
      "price_per_kg": null,
      "unit_type": "ea",
      "saving": 0.0,
      "percent_off": 0.0,
      "deal_type": null,
      "scraped_at": "2026-01-04T23:08:39.054533"
    },
    {
      "store": "New World",
      "name": "Pams Sage & Onion Stuffed Chicken\n\n1.5kg",
      "brand": null,
      "price": 15.59,
      "original_price": 15.59,
      "price_per_kg": null,
      "unit_type": "ea",
      "saving": 0.0,
      "percent_off": 0.0,
      "deal_type": null,
      "scraped_at": "2026-01-04T23:08:39.091714"
    },
    {
      "store": "New World",
      "name": "Hellers Manuka Smoked Middle Eye Bacon\n\n250g",
      "brand": null,
      "price": 9.79,
      "original_price": 9.79,
      "price_per_kg": null,
      "unit_type": "ea",
      "saving": 0.0,
      "percent_off": 0.0,
      "deal_type": "Club Deal",
      "scraped_at": "2026-01-04T23:08:39.125645"
    },
    {
      "store": "New World",
      "name": "Pieter's Dutch Salami\n\n250g",
      "brand": null,
      "price": 7.55,
      "original_price": 7.55,
      "price_per_kg": null,
      "unit_type": "ea",
      "saving": 0.0,
      "percent_off": 0.0,
      "deal_type": null,
      "scraped_at": "2026-01-04T23:08:39.170121"
    },
    {
      "store": "New World",
      "name": "Beef Bones\n\nkg",
      "brand": null,
      "price": 6.99,
      "original_price": 6.99,
      "price_per_kg": null,
      "unit_type": "ea",
      "saving": 0.0,
      "percent_off": 0.0,
      "deal_type": null,
      "scraped_at": "2026-01-04T23:08:39.205563"
    },
    {
      "store": "New World",
      "name": "Hellers Crafty Cooks Bacon Strips\n\n200g",
      "brand": null,
      "price": 7.19,
      "original_price": 7.19,
      "price_per_kg": null,
      "unit_type": "ea",
      "saving": 0.0,
      "percent_off": 0.0,
      "deal_type": null,
      "scraped_at": "2026-01-04T23:08:39.241351"
    },
    {
      "store": "New World",
      "name": "Pams Classic Pork Sausages\n\n6 x 75g",
      "brand": null,
      "price": 9.25,
      "original_price": 9.25,
      "price_per_kg": null,
      "unit_type": "ea",
      "saving": 0.0,
      "percent_off": 0.0,
      "deal_type": null,
      "scraped_at": "2026-01-04T23:08:39.281099"
    },
    {
      "store": "New World",
      "name": "Hellers Classic Family Cheerios\n\n1kg",
      "brand": null,
      "price": 12.49,
      "original_price": 12.49,
      "price_per_kg": null,
      "unit_type": "ea",
      "saving": 0.0,
      "percent_off": 0.0,
      "deal_type": null,
      "scraped_at": "2026-01-04T23:08:39.320557"
    },
    {
      "store": "New World",
      "name": "Verkerks Frankfurters\n\n300g",
      "brand": null,
      "price": 7.85,
      "original_price": 7.85,
      "price_per_kg": null,
      "unit_type": "ea",
      "saving": 0.0,
      "percent_off": 0.0,
      "deal_type": "Club Deal",
      "scraped_at": "2026-01-04T23:08:39.359744"
    },
    {
      "store": "New World",
      "name": "Beehive Shoulder Bacon\n\n200g",
      "brand": null,
      "price": 6.15,
      "original_price": 6.15,
      "price_per_kg": null,
      "unit_type": "ea",
      "saving": 0.0,
      "percent_off": 0.0,
      "deal_type": null,
      "scraped_at": "2026-01-04T23:08:39.399501"
    },
    {
      "store": "New World",
      "name": "Tegel Free Range Meal Maker Shredded Roast Chicken\n\n260g",
      "brand": null,
      "price": 12.85,
      "original_price": 12.85,
      "price_per_kg": null,
      "unit_type": "ea",
      "saving": 0.0,
      "percent_off": 0.0,
      "deal_type": "Club Deal",
      "scraped_at": "2026-01-04T23:08:39.508187"
    },
    {
      "store": "New World",
      "name": "Pieter's Danish Salami\n\n250g",
      "brand": null,
      "price": 7.55,
      "original_price": 7.55,
      "price_per_kg": null,
      "unit_type": "ea",
      "saving": 0.0,
      "percent_off": 0.0,
      "deal_type": null,
      "scraped_at": "2026-01-04T23:08:39.547870"
    },
    {
      "store": "New World",
      "name": "Harris Farms Beef 'n Caramelised Onion Burgers\n\n2 x 125g",
      "brand": null,
      "price": 7.15,
      "original_price": 7.15,
      "price_per_kg": null,
      "unit_type": "ea",
      "saving": 0.0,
      "percent_off": 0.0,
      "deal_type": "Club Deal",
      "scraped_at": "2026-01-04T23:08:39.581033"
    },
    {
      "store": "New World",
      "name": "Freedom Farms Streaky Bacon\n\n250g",
      "brand": null,
      "price": 16.69,
      "original_price": 16.69,
      "price_per_kg": null,
      "unit_type": "ea",
      "saving": 0.0,
      "percent_off": 0.0,
      "deal_type": null,
      "scraped_at": "2026-01-04T23:08:39.622549"
    },
    {
      "store": "New World",
      "name": "Pieter's Pepperoni Salami\n\n250g",
      "brand": null,
      "price": 7.55,
      "original_price": 7.55,
      "price_per_kg": null,
      "unit_type": "ea",
      "saving": 0.0,
      "percent_off": 0.0,
      "deal_type": null,
      "scraped_at": "2026-01-04T23:08:39.662418"
    },
    {
      "store": "New World",
      "name": "Verkerks Cheese Kransky\n\n280g",
      "brand": null,
      "price": 8.99,
      "original_price": 8.99,
      "price_per_kg": null,
      "unit_type": "ea",
      "saving": 0.0,
      "percent_off": 0.0,
      "deal_type": "Club Deal",
      "scraped_at": "2026-01-04T23:08:39.695496"
    },
    {
      "store": "New World",
      "name": "Beehive Shaved Honey Baked Ham\n\n2 x 100g",
      "brand": null,
      "price": 7.99,
      "original_price": 7.99,
      "price_per_kg": null,
      "unit_type": "ea",
      "saving": 0.0,
      "percent_off": 0.0,
      "deal_type": null,
      "scraped_at": "2026-01-04T23:08:39.734975"
    },
    {
      "store": "New World",
      "name": "Harris Farms North Canterbury Beef Burgers\n\n2 x 125g",
      "brand": null,
      "price": 7.15,
      "original_price": 7.15,
      "price_per_kg": null,
      "unit_type": "ea",
      "saving": 0.0,
      "percent_off": 0.0,
      "deal_type": "Club Deal",
      "scraped_at": "2026-01-04T23:08:39.772449"
    },
    {
      "store": "New World",
      "name": "Pork Bones\n\nkg",
      "brand": null,
      "price": 7.99,
      "original_price": 7.99,
      "price_per_kg": null,
      "unit_type": "ea",
      "saving": 0.0,
      "percent_off": 0.0,
      "deal_type": null,
      "scraped_at": "2026-01-04T23:08:56.523494"
    },
    {
      "store": "New World",
      "name": "Hellers Manuka Smoked Rasher Bacon\n\n200g",
      "brand": null,
      "price": 6.09,
      "original_price": 6.09,
      "price_per_kg": null,
      "unit_type": "ea",
      "saving": 0.0,
      "percent_off": 0.0,
      "deal_type": null,
      "scraped_at": "2026-01-04T23:08:56.565138"
    },
    {
      "store": "New World",
      "name": "Hellers Craft Angus Beef Meatballs\n\n400g",
      "brand": null,
      "price": 10.99,
      "original_price": 10.99,
      "price_per_kg": null,
      "unit_type": "ea",
      "saving": 0.0,
      "percent_off": 0.0,
      "deal_type": null,
      "scraped_at": "2026-01-04T23:08:56.608261"
    },
    {
      "store": "New World",
      "name": "Hellers Craft Sliced Roast Chicken\n\n300g",
      "brand": null,
      "price": 11.85,
      "original_price": 11.85,
      "price_per_kg": null,
      "unit_type": "ea",
      "saving": 0.0,
      "percent_off": 0.0,
      "deal_type": null,
      "scraped_at": "2026-01-04T23:08:56.658382"
    },
    {
      "store": "New World",
      "name": "Verkerks Mini Danish Salami\n\n300g",
      "brand": null,
      "price": 11.29,
      "original_price": 11.29,
      "price_per_kg": null,
      "unit_type": "ea",
      "saving": 0.0,
      "percent_off": 0.0,
      "deal_type": "Club Deal",
      "scraped_at": "2026-01-04T23:08:56.691752"
    },
    {
      "store": "New World",
      "name": "Hellers Gluten Free Original Sausages\n\n1kg",
      "brand": null,
      "price": 14.69,
      "original_price": 14.69,
      "price_per_kg": null,
      "unit_type": "ea",
      "saving": 0.0,
      "percent_off": 0.0,
      "deal_type": null,
      "scraped_at": "2026-01-04T23:08:56.732228"
    },
    {
      "store": "New World",
      "name": "Hellers Manuka Smoked Bacon Pieces\n\n500g",
      "brand": null,
      "price": 7.49,
      "original_price": 7.49,
      "price_per_kg": null,
      "unit_type": "ea",
      "saving": 0.0,
      "percent_off": 0.0,
      "deal_type": "Club Deal",
      "scraped_at": "2026-01-04T23:08:56.801040"
    },
    {
      "store": "New World",
      "name": "Tegel Free Range Meal Maker Sliced Roast Chicken\n\n260g",
      "brand": null,
      "price": 12.85,
      "original_price": 12.85,
      "price_per_kg": null,
      "unit_type": "ea",
      "saving": 0.0,
      "percent_off": 0.0,
      "deal_type": "Club Deal",
      "scraped_at": "2026-01-04T23:08:56.848448"
    },
    {
      "store": "New World",
      "name": "NZ Beef Bolar Roast\n\nkg",
      "brand": null,
      "price": 29.99,
      "original_price": 29.99,
      "price_per_kg": null,
      "unit_type": "ea",
      "saving": 0.0,
      "percent_off": 0.0,
      "deal_type": null,
      "scraped_at": "2026-01-04T23:08:56.889963"
    },
    {
      "store": "New World",
      "name": "Hellers Shaved Honey Baked Ham\n\n200g",
      "brand": null,
      "price": 7.19,
      "original_price": 7.19,
      "price_per_kg": null,
      "unit_type": "ea",
      "saving": 0.0,
      "percent_off": 0.0,
      "deal_type": null,
      "scraped_at": "2026-01-04T23:08:56.930313"
    },
    {
      "store": "New World",
      "name": "Pieter's Italian Salami\n\n250g",
      "brand": null,
      "price": 7.55,
      "original_price": 7.55,
      "price_per_kg": null,
      "unit_type": "ea",
      "saving": 0.0,
      "percent_off": 0.0,
      "deal_type": null,
      "scraped_at": "2026-01-04T23:08:56.970025"
    },
    {
      "store": "New World",
      "name": "Lamb Butterfly Leg Roasts\n\nkg",
      "brand": null,
      "price": 41.49,
      "original_price": 41.49,
      "price_per_kg": null,
      "unit_type": "ea",
      "saving": 0.0,
      "percent_off": 0.0,
      "deal_type": null,
      "scraped_at": "2026-01-04T23:08:57.076156"
    },
    {
      "store": "New World",
      "name": "Hellers Shaved Beef Pastrami\n\n100g",
      "brand": null,
      "price": 6.55,
      "original_price": 6.55,
      "price_per_kg": null,
      "unit_type": "ea",
      "saving": 0.0,
      "percent_off": 0.0,
      "deal_type": null,
      "scraped_at": "2026-01-04T23:08:57.116354"
    },
    {
      "store": "New World",
      "name": "Hellers Craft Honey Lamb & Rosemary Sausages\n\n6pk",
      "brand": null,
      "price": 10.99,
      "original_price": 10.99,
      "price_per_kg": null,
      "unit_type": "ea",
      "saving": 0.0,
      "percent_off": 0.0,
      "deal_type": null,
      "scraped_at": "2026-01-04T23:08:57.152490"
    },
    {
      "store": "New World",
      "name": "Hellers Craft Lamb & Thyme Sausages\n\n6pk",
      "brand": null,
      "price": 10.99,
      "original_price": 10.99,
      "price_per_kg": null,
      "unit_type": "ea",
      "saving": 0.0,
      "percent_off": 0.0,
      "deal_type": null,
      "scraped_at": "2026-01-04T23:08:57.206194"
    },
    {
      "store": "New World",
      "name": "Waitoa Whole Chicken with Garden Herbs Stuffing\n\n1.5kg",
      "brand": null,
      "price": 18.75,
      "original_price": 18.75,
      "price_per_kg": null,
      "unit_type": "ea",
      "saving": 0.0,
      "percent_off": 0.0,
      "deal_type": null,
      "scraped_at": "2026-01-04T23:08:57.246577"
    },
    {
      "store": "New World",
      "name": "NZ Beef Blade Steak\n\nkg",
      "brand": null,
      "price": 31.99,
      "original_price": 31.99,
      "price_per_kg": null,
      "unit_type": "ea",
      "saving": 0.0,
      "percent_off": 0.0,
      "deal_type": null,
      "scraped_at": "2026-01-04T23:08:57.286668"
    },
    {
      "store": "New World",
      "name": "Harris Farms Steak 'n Cheese Burgers\n\n2 x 125g",
      "brand": null,
      "price": 7.15,
      "original_price": 7.15,
      "price_per_kg": null,
      "unit_type": "ea",
      "saving": 0.0,
      "percent_off": 0.0,
      "deal_type": "Club Deal",
      "scraped_at": "2026-01-04T23:08:57.324579"
    },
    {
      "store": "New World",
      "name": "Verkerks Italian Salami\n\n300g",
      "brand": null,
      "price": 11.29,
      "original_price": 11.29,
      "price_per_kg": null,
      "unit_type": "ea",
      "saving": 0.0,
      "percent_off": 0.0,
      "deal_type": "Club Deal",
      "scraped_at": "2026-01-04T23:08:57.397304"
    },
    {
      "store": "New World",
      "name": "Hellers Shaved Roast Chicken\n\n200g",
      "brand": null,
      "price": 7.19,
      "original_price": 7.19,
      "price_per_kg": null,
      "unit_type": "ea",
      "saving": 0.0,
      "percent_off": 0.0,
      "deal_type": null,
      "scraped_at": "2026-01-04T23:08:57.439047"
    },
    {
      "store": "New World",
      "name": "Hellers Craft Sliced Ham Off The Bone\n\n250g",
      "brand": null,
      "price": 12.19,
      "original_price": 12.19,
      "price_per_kg": null,
      "unit_type": "ea",
      "saving": 0.0,
      "percent_off": 0.0,
      "deal_type": "Club Deal",
      "scraped_at": "2026-01-04T23:08:57.472395"
    },
    {
      "store": "New World",
      "name": "Pams Precooked Sausages\n\n1kg",
      "brand": null,
      "price": 10.59,
      "original_price": 10.59,
      "price_per_kg": null,
      "unit_type": "ea",
      "saving": 0.0,
      "percent_off": 0.0,
      "deal_type": null,
      "scraped_at": "2026-01-04T23:08:57.516797"
    },
    {
      "store": "New World",
      "name": "Pams Finest Authentic Italian Prosciutto Crudo\n\n70g",
      "brand": null,
      "price": 9.69,
      "original_price": 9.69,
      "price_per_kg": null,
      "unit_type": "ea",
      "saving": 0.0,
      "percent_off": 0.0,
      "deal_type": null,
      "scraped_at": "2026-01-04T23:08:57.552601"
    },
    {
      "store": "New World",
      "name": "Verkerks Mini Peperoni Salami\n\n300g",
      "brand": null,
      "price": 11.29,
      "original_price": 11.29,
      "price_per_kg": null,
      "unit_type": "ea",
      "saving": 0.0,
      "percent_off": 0.0,
      "deal_type": "Club Deal",
      "scraped_at": "2026-01-04T23:08:57.590463"
    },
    {
      "store": "New World",
      "name": "Harris Farms Corned Silverside Beef\n\nkg",
      "brand": null,
      "price": 20.29,
      "original_price": 20.29,
      "price_per_kg": null,
      "unit_type": "ea",
      "saving": 0.0,
      "percent_off": 0.0,
      "deal_type": null,
      "scraped_at": "2026-01-04T23:08:57.630420"
    },
    {
      "store": "New World",
      "name": "Primo Smallgoods Chorizo\n\n200g",
      "brand": null,
      "price": 6.65,
      "original_price": 6.65,
      "price_per_kg": null,
      "unit_type": "ea",
      "saving": 0.0,
      "percent_off": 0.0,
      "deal_type": null,
      "scraped_at": "2026-01-04T23:08:57.671319"
    },
    {
      "store": "New World",
      "name": "NZ Diced Pork\n\nkg",
      "brand": null,
      "price": 22.99,
      "original_price": 22.99,
      "price_per_kg": null,
      "unit_type": "ea",
      "saving": 0.0,
      "percent_off": 0.0,
      "deal_type": null,
      "scraped_at": "2026-01-04T23:08:57.707408"
    },
    {
      "store": "New World",
      "name": "Pams Finest European Duo Prosciutto & Milano Salami\n\n80g",
      "brand": null,
      "price": 12.45,
      "original_price": 12.45,
      "price_per_kg": null,
      "unit_type": "ea",
      "saving": 0.0,
      "percent_off": 0.0,
      "deal_type": null,
      "scraped_at": "2026-01-04T23:08:57.786607"
    },
    {
      "store": "New World",
      "name": "Hellers Honey Baked Ham Off The Bone\n\n250g",
      "brand": null,
      "price": 12.19,
      "original_price": 12.19,
      "price_per_kg": null,
      "unit_type": "ea",
      "saving": 0.0,
      "percent_off": 0.0,
      "deal_type": "Club Deal",
      "scraped_at": "2026-01-04T23:08:57.824314"
    },
    {
      "store": "New World",
      "name": "Skinless Chicken Breast Fillets\n\nkg",
      "brand": null,
      "price": 15.79,
      "original_price": 15.79,
      "price_per_kg": null,
      "unit_type": "ea",
      "saving": 0.0,
      "percent_off": 0.0,
      "deal_type": null,
      "scraped_at": "2026-01-04T23:08:57.869765"
    },
    {
      "store": "New World",
      "name": "Regal Cold Smoked Salmon\n\n100g",
      "brand": null,
      "price": 14.95,
      "original_price": 14.95,
      "price_per_kg": null,
      "unit_type": "ea",
      "saving": 0.0,
      "percent_off": 0.0,
      "deal_type": "Club Deal",
      "scraped_at": "2026-01-04T23:08:57.908042"
    },
    {
      "store": "New World",
      "name": "Verkerks Chorizo\n\n300g",
      "brand": null,
      "price": 11.29,
      "original_price": 11.29,
      "price_per_kg": null,
      "unit_type": "ea",
      "saving": 0.0,
      "percent_off": 0.0,
      "deal_type": "Club Deal",
      "scraped_at": "2026-01-04T23:08:57.947064"
    },
    {
      "store": "New World",
      "name": "Verkerks Dutch Salami\n\n300g",
      "brand": null,
      "price": 11.29,
      "original_price": 11.29,
      "price_per_kg": null,
      "unit_type": "ea",
      "saving": 0.0,
      "percent_off": 0.0,
      "deal_type": "Club Deal",
      "scraped_at": "2026-01-04T23:08:57.985107"
    },
    {
      "store": "New World",
      "name": "Harris Farms English Shorts Pork Sausages\n\n350g",
      "brand": null,
      "price": 9.75,
      "original_price": 9.75,
      "price_per_kg": null,
      "unit_type": "ea",
      "saving": 0.0,
      "percent_off": 0.0,
      "deal_type": "Club Deal",
      "scraped_at": "2026-01-04T23:08:58.023032"
    },
    {
      "store": "New World",
      "name": "Pams Value Precooked Middle Bacon\n\n700g",
      "brand": null,
      "price": 15.09,
      "original_price": 15.09,
      "price_per_kg": null,
      "unit_type": "ea",
      "saving": 0.0,
      "percent_off": 0.0,
      "deal_type": null,
      "scraped_at": "2026-01-04T23:08:58.062691"
    },
    {
      "store": "New World",
      "name": "Medallion Middle Bacon\n\n800g",
      "brand": null,
      "price": 18.35,
      "original_price": 18.35,
      "price_per_kg": null,
      "unit_type": "ea",
      "saving": 0.0,
      "percent_off": 0.0,
      "deal_type": null,
      "scraped_at": "2026-01-04T23:08:58.102393"
    },
    {
      "store": "New World",
      "name": "Tegel Free Range Chicken Mexican Wraps\n\n4pk",
      "brand": null,
      "price": 12.49,
      "original_price": 12.49,
      "price_per_kg": null,
      "unit_type": "ea",
      "saving": 0.0,
      "percent_off": 0.0,
      "deal_type": null,
      "scraped_at": "2026-01-04T23:08:58.141834"
    },
    {
      "store": "New World",
      "name": "Hellers Manuka Smoked Middle Eye Bacon\n\n500g",
      "brand": null,
      "price": 15.59,
      "original_price": 15.59,
      "price_per_kg": null,
      "unit_type": "ea",
      "saving": 0.0,
      "percent_off": 0.0,
      "deal_type": null,
      "scraped_at": "2026-01-04T23:08:58.214389"
    },
    {
      "store": "New World",
      "name": "Tegel Fresh Free Range Smoked Chicken Breast\n\n300g",
      "brand": null,
      "price": 13.59,
      "original_price": 13.59,
      "price_per_kg": null,
      "unit_type": "ea",
      "saving": 0.0,
      "percent_off": 0.0,
      "deal_type": "Club Deal",
      "scraped_at": "2026-01-04T23:08:58.251982"
    },
    {
      "store": "New World",
      "name": "Harris Farms Italian Shorts Beef Sausages\n\n350g",
      "brand": null,
      "price": 9.75,
      "original_price": 9.75,
      "price_per_kg": null,
      "unit_type": "ea",
      "saving": 0.0,
      "percent_off": 0.0,
      "deal_type": "Club Deal",
      "scraped_at": "2026-01-04T23:08:58.289465"
    },
    {
      "store": "New World",
      "name": "Tegel Free Range Meal Maker Smoked Chicken\n\n260g",
      "brand": null,
      "price": 12.85,
      "original_price": 12.85,
      "price_per_kg": null,
      "unit_type": "ea",
      "saving": 0.0,
      "percent_off": 0.0,
      "deal_type": "Club Deal",
      "scraped_at": "2026-01-04T23:08:58.326505"
    },
    {
      "store": "New World",
      "name": "Fresh Red Gurnard Fillets\n\nkg",
      "brand": null,
      "price": 44.99,
      "original_price": 44.99,
      "price_per_kg": null,
      "unit_type": "ea",
      "saving": 0.0,
      "percent_off": 0.0,
      "deal_type": null,
      "scraped_at": "2026-01-04T23:08:58.366015"
    },
    {
      "store": "New World",
      "name": "Hellers Manuka Smoked Ham\n\n900g",
      "brand": null,
      "price": 16.66,
      "original_price": 18.75,
      "price_per_kg": null,
      "unit_type": "ea",
      "saving": 2.09,
      "percent_off": 11.1,
      "deal_type": "Club Deal",
      "scraped_at": "2026-01-04T23:08:58.437315"
    },
    {
      "store": "New World",
      "name": "NZ Fresh Bone-In Pork Belly\n\nkg",
      "brand": null,
      "price": 26.49,
      "original_price": 26.49,
      "price_per_kg": null,
      "unit_type": "ea",
      "saving": 0.0,
      "percent_off": 0.0,
      "deal_type": null,
      "scraped_at": "2026-01-04T23:09:16.048669"
    },
    {
      "store": "New World",
      "name": "Harris Farms Old English Beef Sausages MAP\n\n480g",
      "brand": null,
      "price": 10.29,
      "original_price": 10.29,
      "price_per_kg": null,
      "unit_type": "ea",
      "saving": 0.0,
      "percent_off": 0.0,
      "deal_type": null,
      "scraped_at": "2026-01-04T23:09:16.094870"
    },
    {
      "store": "New World",
      "name": "Shredded Chicken\n\nkg",
      "brand": null,
      "price": 39.9,
      "original_price": 39.9,
      "price_per_kg": null,
      "unit_type": "ea",
      "saving": 0.0,
      "percent_off": 0.0,
      "deal_type": null,
      "scraped_at": "2026-01-04T23:09:16.134873"
    },
    {
      "store": "New World",
      "name": "Lamb Drumsticks\n\nkg",
      "brand": null,
      "price": 28.99,
      "original_price": 28.99,
      "price_per_kg": null,
      "unit_type": "ea",
      "saving": 0.0,
      "percent_off": 0.0,
      "deal_type": null,
      "scraped_at": "2026-01-04T23:09:16.170094"
    },
    {
      "store": "New World",
      "name": "Hellers Free Range Danish Eye Bacon\n\n250g",
      "brand": null,
      "price": 12.99,
      "original_price": 12.99,
      "price_per_kg": null,
      "unit_type": "ea",
      "saving": 0.0,
      "percent_off": 0.0,
      "deal_type": "Club Deal",
      "scraped_at": "2026-01-04T23:09:16.207368"
    },
    {
      "store": "New World",
      "name": "Tegel Free Range Manuka Smoked Chicken Rashers\n\n200g",
      "brand": null,
      "price": 7.59,
      "original_price": 7.59,
      "price_per_kg": null,
      "unit_type": "ea",
      "saving": 0.0,
      "percent_off": 0.0,
      "deal_type": "Club Deal",
      "scraped_at": "2026-01-04T23:09:16.249259"
    },
    {
      "store": "New World",
      "name": "Freedom Farms Rindless Middle Bacon\n\n200g",
      "brand": null,
      "price": 13.09,
      "original_price": 13.09,
      "price_per_kg": null,
      "unit_type": "ea",
      "saving": 0.0,
      "percent_off": 0.0,
      "deal_type": null,
      "scraped_at": "2026-01-04T23:09:16.359125"
    },
    {
      "store": "New World",
      "name": "Primo Smallgoods Spanish Chorizo\n\n200g",
      "brand": null,
      "price": 6.65,
      "original_price": 6.65,
      "price_per_kg": null,
      "unit_type": "ea",
      "saving": 0.0,
      "percent_off": 0.0,
      "deal_type": null,
      "scraped_at": "2026-01-04T23:09:16.400905"
    },
    {
      "store": "New World",
      "name": "Lisa's Mediterranean Falafel Mix\n\n400g",
      "brand": null,
      "price": 8.99,
      "original_price": 8.99,
      "price_per_kg": null,
      "unit_type": "ea",
      "saving": 0.0,
      "percent_off": 0.0,
      "deal_type": null,
      "scraped_at": "2026-01-04T23:09:16.435920"
    },
    {
      "store": "New World",
      "name": "Beehive Mini Cheese Kransky Sausages\n\n800g",
      "brand": null,
      "price": 15.69,
      "original_price": 15.69,
      "price_per_kg": null,
      "unit_type": "ea",
      "saving": 0.0,
      "percent_off": 0.0,
      "deal_type": null,
      "scraped_at": "2026-01-04T23:09:16.471090"
    },
    {
      "store": "New World",
      "name": "NZ Pork Scotch Fillet\n\nkg",
      "brand": null,
      "price": 30.99,
      "original_price": 30.99,
      "price_per_kg": null,
      "unit_type": "ea",
      "saving": 0.0,
      "percent_off": 0.0,
      "deal_type": null,
      "scraped_at": "2026-01-04T23:09:16.506938"
    },
    {
      "store": "New World",
      "name": "Hellers Shaved Hot Pork\n\n200g",
      "brand": null,
      "price": 7.19,
      "original_price": 7.19,
      "price_per_kg": null,
      "unit_type": "ea",
      "saving": 0.0,
      "percent_off": 0.0,
      "deal_type": null,
      "scraped_at": "2026-01-04T23:09:16.546258"
    },
    {
      "store": "New World",
      "name": "Tarakihi Fillets NZ\n\nkg",
      "brand": null,
      "price": 44.99,
      "original_price": 44.99,
      "price_per_kg": null,
      "unit_type": "ea",
      "saving": 0.0,
      "percent_off": 0.0,
      "deal_type": null,
      "scraped_at": "2026-01-04T23:09:16.585835"
    },
    {
      "store": "New World",
      "name": "Farmland Ham & Chicken Luncheon\n\nkg",
      "brand": null,
      "price": 19.9,
      "original_price": 19.9,
      "price_per_kg": null,
      "unit_type": "ea",
      "saving": 0.0,
      "percent_off": 0.0,
      "deal_type": null,
      "scraped_at": "2026-01-04T23:09:16.626403"
    },
    {
      "store": "New World",
      "name": "NZ Beef Chuck Steak\n\nkg",
      "brand": null,
      "price": 34.59,
      "original_price": 34.59,
      "price_per_kg": null,
      "unit_type": "ea",
      "saving": 0.0,
      "percent_off": 0.0,
      "deal_type": null,
      "scraped_at": "2026-01-04T23:09:16.661676"
    },
    {
      "store": "New World",
      "name": "Farmland Leg Ham Banquet Boneless\n\n890g",
      "brand": null,
      "price": 16.49,
      "original_price": 16.49,
      "price_per_kg": null,
      "unit_type": "ea",
      "saving": 0.0,
      "percent_off": 0.0,
      "deal_type": null,
      "scraped_at": "2026-01-04T23:09:16.700879"
    },
    {
      "store": "New World",
      "name": "Tegel Free Range Meal Maker Shredded Roast Chicken\n\n100g",
      "brand": null,
      "price": 6.19,
      "original_price": 6.19,
      "price_per_kg": null,
      "unit_type": "ea",
      "saving": 0.0,
      "percent_off": 0.0,
      "deal_type": null,
      "scraped_at": "2026-01-04T23:09:16.740310"
    },
    {
      "store": "New World",
      "name": "Hellers Mild Chorizo\n\n150g",
      "brand": null,
      "price": 6.79,
      "original_price": 6.79,
      "price_per_kg": null,
      "unit_type": "ea",
      "saving": 0.0,
      "percent_off": 0.0,
      "deal_type": "Club Deal",
      "scraped_at": "2026-01-04T23:09:16.773404"
    },
    {
      "store": "New World",
      "name": "Harris Farms Country Pork Sausages MAP\n\n480g",
      "brand": null,
      "price": 10.29,
      "original_price": 10.29,
      "price_per_kg": null,
      "unit_type": "ea",
      "saving": 0.0,
      "percent_off": 0.0,
      "deal_type": null,
      "scraped_at": "2026-01-04T23:09:16.813138"
    },
    {
      "store": "New World",
      "name": "Unsliced Beef Fillet Steak\n\nkg",
      "brand": null,
      "price": 63.99,
      "original_price": 63.99,
      "price_per_kg": null,
      "unit_type": "ea",
      "saving": 0.0,
      "percent_off": 0.0,
      "deal_type": null,
      "scraped_at": "2026-01-04T23:09:16.852584"
    },
    {
      "store": "New World",
      "name": "Hellers Classic Saveloys\n\n1kg",
      "brand": null,
      "price": 12.49,
      "original_price": 12.49,
      "price_per_kg": null,
      "unit_type": "ea",
      "saving": 0.0,
      "percent_off": 0.0,
      "deal_type": null,
      "scraped_at": "2026-01-04T23:09:16.893756"
    },
    {
      "store": "New World",
      "name": "Hutton's Lite Ham & Chicken Flavoured Luncheon\n\n500g",
      "brand": null,
      "price": 8.15,
      "original_price": 8.15,
      "price_per_kg": null,
      "unit_type": "ea",
      "saving": 0.0,
      "percent_off": 0.0,
      "deal_type": "Club Deal",
      "scraped_at": "2026-01-04T23:09:16.931194"
    },
    {
      "store": "New World",
      "name": "Farmland Pastrami Thin Sliced Beef\n\n100g",
      "brand": null,
      "price": 7.59,
      "original_price": 7.59,
      "price_per_kg": null,
      "unit_type": "ea",
      "saving": 0.0,
      "percent_off": 0.0,
      "deal_type": null,
      "scraped_at": "2026-01-04T23:09:16.970429"
    },
    {
      "store": "New World",
      "name": "Beehive Frankfurters\n\n1kg",
      "brand": null,
      "price": 15.69,
      "original_price": 15.69,
      "price_per_kg": null,
      "unit_type": "ea",
      "saving": 0.0,
      "percent_off": 0.0,
      "deal_type": null,
      "scraped_at": "2026-01-04T23:09:17.009706"
    },
    {
      "store": "New World",
      "name": "Pork Leg Steak\n\nkg",
      "brand": null,
      "price": 26.99,
      "original_price": 26.99,
      "price_per_kg": null,
      "unit_type": "ea",
      "saving": 0.0,
      "percent_off": 0.0,
      "deal_type": null,
      "scraped_at": "2026-01-04T23:09:17.044687"
    },
    {
      "store": "New World",
      "name": "Monkfish Fillets\n\nkg",
      "brand": null,
      "price": 35.49,
      "original_price": 35.49,
      "price_per_kg": null,
      "unit_type": "ea",
      "saving": 0.0,
      "percent_off": 0.0,
      "deal_type": null,
      "scraped_at": "2026-01-04T23:09:17.083782"
    },
    {
      "store": "New World",
      "name": "Hellers Smoked Chicken Breast\n\n300g",
      "brand": null,
      "price": 16.05,
      "original_price": 16.05,
      "price_per_kg": null,
      "unit_type": "ea",
      "saving": 0.0,
      "percent_off": 0.0,
      "deal_type": null,
      "scraped_at": "2026-01-04T23:09:17.123279"
    },
    {
      "store": "New World",
      "name": "Country Pride Ham & Chicken Flavoured Premium Luncheon\n\n200g",
      "brand": null,
      "price": 5.69,
      "original_price": 5.69,
      "price_per_kg": null,
      "unit_type": "ea",
      "saving": 0.0,
      "percent_off": 0.0,
      "deal_type": null,
      "scraped_at": "2026-01-04T23:09:17.162056"
    },
    {
      "store": "New World",
      "name": "NZ Tenderised Beef Steak\n\nkg",
      "brand": null,
      "price": 33.89,
      "original_price": 33.89,
      "price_per_kg": null,
      "unit_type": "ea",
      "saving": 0.0,
      "percent_off": 0.0,
      "deal_type": null,
      "scraped_at": "2026-01-04T23:09:17.201377"
    },
    {
      "store": "New World",
      "name": "Lamb Shanks (Knuckles)\n\nkg",
      "brand": null,
      "price": 28.99,
      "original_price": 28.99,
      "price_per_kg": null,
      "unit_type": "ea",
      "saving": 0.0,
      "percent_off": 0.0,
      "deal_type": null,
      "scraped_at": "2026-01-04T23:09:17.240515"
    },
    {
      "store": "New World",
      "name": "Bird & Barrow Chicken Tenderloins\n\nkg",
      "brand": null,
      "price": 24.99,
      "original_price": 24.99,
      "price_per_kg": null,
      "unit_type": "ea",
      "saving": 0.0,
      "percent_off": 0.0,
      "deal_type": "Club Deal",
      "scraped_at": "2026-01-04T23:09:17.349503"
    },
    {
      "store": "New World",
      "name": "Verkerks Peppered Hungarian Salami\n\n200g",
      "brand": null,
      "price": 11.29,
      "original_price": 11.29,
      "price_per_kg": null,
      "unit_type": "ea",
      "saving": 0.0,
      "percent_off": 0.0,
      "deal_type": "Club Deal",
      "scraped_at": "2026-01-04T23:09:17.390804"
    },
    {
      "store": "New World",
      "name": "Hutton's Streaky Bacon\n\n400g",
      "brand": null,
      "price": 11.45,
      "original_price": 11.45,
      "price_per_kg": null,
      "unit_type": "ea",
      "saving": 0.0,
      "percent_off": 0.0,
      "deal_type": null,
      "scraped_at": "2026-01-04T23:09:17.469591"
    },
    {
      "store": "New World",
      "name": "Campbell's Butchery Beef Flavoured Sausages\n\nkg",
      "brand": null,
      "price": 13.49,
      "original_price": 13.49,
      "price_per_kg": null,
      "unit_type": "ea",
      "saving": 0.0,
      "percent_off": 0.0,
      "deal_type": null,
      "scraped_at": "2026-01-04T23:09:17.509307"
    },
    {
      "store": "New World",
      "name": "Hellers NZ Free Farmed Shaved Champagne Ham\n\n100g",
      "brand": null,
      "price": 6.55,
      "original_price": 6.55,
      "price_per_kg": null,
      "unit_type": "ea",
      "saving": 0.0,
      "percent_off": 0.0,
      "deal_type": null,
      "scraped_at": "2026-01-04T23:09:17.544684"
    },
    {
      "store": "New World",
      "name": "Tegel Free Range Chicken Luncheon\n\n800g",
      "brand": null,
      "price": 8.95,
      "original_price": 8.95,
      "price_per_kg": null,
      "unit_type": "ea",
      "saving": 0.0,
      "percent_off": 0.0,
      "deal_type": null,
      "scraped_at": "2026-01-04T23:09:17.584236"
    },
    {
      "store": "New World",
      "name": "Hellers Free Range Danish Streaky Bacon\n\n250g",
      "brand": null,
      "price": 12.99,
      "original_price": 12.99,
      "price_per_kg": null,
      "unit_type": "ea",
      "saving": 0.0,
      "percent_off": 0.0,
      "deal_type": "Club Deal",
      "scraped_at": "2026-01-04T23:09:17.616830"
    },
    {
      "store": "New World",
      "name": "Chicken & Cranberry Mignon\n\n1pk",
      "brand": null,
      "price": 5.59,
      "original_price": 5.59,
      "price_per_kg": null,
      "unit_type": "ea",
      "saving": 0.0,
      "percent_off": 0.0,
      "deal_type": null,
      "scraped_at": "2026-01-04T23:09:17.660409"
    },
    {
      "store": "New World",
      "name": "Verkerks Traditional Aged Chorizo Salami\n\n200g",
      "brand": null,
      "price": 11.29,
      "original_price": 11.29,
      "price_per_kg": null,
      "unit_type": "ea",
      "saving": 0.0,
      "percent_off": 0.0,
      "deal_type": "Club Deal",
      "scraped_at": "2026-01-04T23:09:17.694274"
    },
    {
      "store": "New World",
      "name": "Roast Pork\n\nkg",
      "brand": null,
      "price": 39.9,
      "original_price": 39.9,
      "price_per_kg": null,
      "unit_type": "ea",
      "saving": 0.0,
      "percent_off": 0.0,
      "deal_type": "Super Saver",
      "scraped_at": "2026-01-04T23:09:17.731148"
    },
    {
      "store": "New World",
      "name": "Bird & Barrow Chicken Thigh Fillet\n\nkg",
      "brand": null,
      "price": 28.99,
      "original_price": 28.99,
      "price_per_kg": null,
      "unit_type": "ea",
      "saving": 0.0,
      "percent_off": 0.0,
      "deal_type": null,
      "scraped_at": "2026-01-04T23:09:17.774793"
    },
    {
      "store": "New World",
      "name": "Beehive Rindless Eye Bacon\n\n250g",
      "brand": null,
      "price": 10.99,
      "original_price": 10.99,
      "price_per_kg": null,
      "unit_type": "ea",
      "saving": 0.0,
      "percent_off": 0.0,
      "deal_type": null,
      "scraped_at": "2026-01-04T23:09:17.814057"
    },
    {
      "store": "New World",
      "name": "Pams Finest Tasty Duo Smoked Prosciutto & Hot Italian Salami\n\n80g",
      "brand": null,
      "price": 12.45,
      "original_price": 12.45,
      "price_per_kg": null,
      "unit_type": "ea",
      "saving": 0.0,
      "percent_off": 0.0,
      "deal_type": null,
      "scraped_at": "2026-01-04T23:09:17.853124"
    },
    {
      "store": "New World",
      "name": "Verkerks Bavarian Salami\n\n300g",
      "brand": null,
      "price": 11.29,
      "original_price": 11.29,
      "price_per_kg": null,
      "unit_type": "ea",
      "saving": 0.0,
      "percent_off": 0.0,
      "deal_type": "Club Deal",
      "scraped_at": "2026-01-04T23:09:17.890194"
    },
    {
      "store": "New World",
      "name": "Tonzu Natural Herb Organic Vegetarian Sausages\n\n300g",
      "brand": null,
      "price": 9.99,
      "original_price": 9.99,
      "price_per_kg": null,
      "unit_type": "ea",
      "saving": 0.0,
      "percent_off": 0.0,
      "deal_type": "Club Deal",
      "scraped_at": "2026-01-04T23:09:17.926931"
    },
    {
      "store": "New World",
      "name": "Tegel Free Range Meal Maker Sliced Cajun Chicken\n\n260g",
      "brand": null,
      "price": 12.85,
      "original_price": 12.85,
      "price_per_kg": null,
      "unit_type": "ea",
      "saving": 0.0,
      "percent_off": 0.0,
      "deal_type": "Club Deal",
      "scraped_at": "2026-01-04T23:09:34.768701"
    },
    {
      "store": "New World",
      "name": "NZ Lambs Fry\n\nkg",
      "brand": null,
      "price": 13.99,
      "original_price": 13.99,
      "price_per_kg": null,
      "unit_type": "ea",
      "saving": 0.0,
      "percent_off": 0.0,
      "deal_type": null,
      "scraped_at": "2026-01-04T23:09:34.815265"
    },
    {
      "store": "New World",
      "name": "Shore Mariner Seafood Marinara Mix\n\n300g",
      "brand": null,
      "price": 10.69,
      "original_price": 10.69,
      "price_per_kg": null,
      "unit_type": "ea",
      "saving": 0.0,
      "percent_off": 0.0,
      "deal_type": null,
      "scraped_at": "2026-01-04T23:09:34.855873"
    },
    {
      "store": "New World",
      "name": "Pams Corned Pork Silverside\n\nkg",
      "brand": null,
      "price": 17.99,
      "original_price": 17.99,
      "price_per_kg": null,
      "unit_type": "ea",
      "saving": 0.0,
      "percent_off": 0.0,
      "deal_type": null,
      "scraped_at": "2026-01-04T23:09:34.891147"
    },
    {
      "store": "New World",
      "name": "First Light Wagyu Beef Burgers\n\n400g",
      "brand": null,
      "price": 15.49,
      "original_price": 15.49,
      "price_per_kg": null,
      "unit_type": "ea",
      "saving": 0.0,
      "percent_off": 0.0,
      "deal_type": null,
      "scraped_at": "2026-01-04T23:09:34.930718"
    },
    {
      "store": "New World",
      "name": "Sizzlers Original\n\n450g",
      "brand": null,
      "price": 7.15,
      "original_price": 7.15,
      "price_per_kg": null,
      "unit_type": "ea",
      "saving": 0.0,
      "percent_off": 0.0,
      "deal_type": null,
      "scraped_at": "2026-01-04T23:09:34.965427"
    },
    {
      "store": "New World",
      "name": "Hellers Craft Angus Beef & Garlic Sausages\n\n6pk",
      "brand": null,
      "price": 10.99,
      "original_price": 10.99,
      "price_per_kg": null,
      "unit_type": "ea",
      "saving": 0.0,
      "percent_off": 0.0,
      "deal_type": null,
      "scraped_at": "2026-01-04T23:09:35.000651"
    },
    {
      "store": "New World",
      "name": "Freedom Farms Rindless Eye Bacon\n\n250g",
      "brand": null,
      "price": 16.39,
      "original_price": 16.39,
      "price_per_kg": null,
      "unit_type": "ea",
      "saving": 0.0,
      "percent_off": 0.0,
      "deal_type": null,
      "scraped_at": "2026-01-04T23:09:35.040260"
    },
    {
      "store": "New World",
      "name": "Tegel BBQ Drums Cooked\n\nkg",
      "brand": null,
      "price": 19.9,
      "original_price": 19.9,
      "price_per_kg": null,
      "unit_type": "ea",
      "saving": 0.0,
      "percent_off": 0.0,
      "deal_type": null,
      "scraped_at": "2026-01-04T23:09:35.080849"
    },
    {
      "store": "New World",
      "name": "Farmland Foods Cooked Corn Silverside\n\nkg",
      "brand": null,
      "price": 44.9,
      "original_price": 44.9,
      "price_per_kg": null,
      "unit_type": "ea",
      "saving": 0.0,
      "percent_off": 0.0,
      "deal_type": null,
      "scraped_at": "2026-01-04T23:09:35.115726"
    },
    {
      "store": "New World",
      "name": "Chicken Drumsticks\n\nkg",
      "brand": null,
      "price": 7.09,
      "original_price": 7.09,
      "price_per_kg": null,
      "unit_type": "ea",
      "saving": 0.0,
      "percent_off": 0.0,
      "deal_type": null,
      "scraped_at": "2026-01-04T23:09:35.150573"
    },
    {
      "store": "New World",
      "name": "Whole Beef Ribeye\n\nkg",
      "brand": null,
      "price": 47.49,
      "original_price": 47.49,
      "price_per_kg": null,
      "unit_type": "ea",
      "saving": 0.0,
      "percent_off": 0.0,
      "deal_type": null,
      "scraped_at": "2026-01-04T23:09:35.190094"
    },
    {
      "store": "New World",
      "name": "Chicken Basil Pesto & Garlic Mignon\n\nea",
      "brand": null,
      "price": 5.59,
      "original_price": 5.59,
      "price_per_kg": null,
      "unit_type": "ea",
      "saving": 0.0,
      "percent_off": 0.0,
      "deal_type": null,
      "scraped_at": "2026-01-04T23:09:35.229838"
    },
    {
      "store": "New World",
      "name": "Harris Farms Smokey T's Brisket n' Cheddar Sausage MAP\n\n450g",
      "brand": null,
      "price": 10.29,
      "original_price": 10.29,
      "price_per_kg": null,
      "unit_type": "ea",
      "saving": 0.0,
      "percent_off": 0.0,
      "deal_type": null,
      "scraped_at": "2026-01-04T23:09:35.264943"
    },
    {
      "store": "New World",
      "name": "Hellers Honey Cured Streaky Bacon\n\n800g",
      "brand": null,
      "price": 21.99,
      "original_price": 21.99,
      "price_per_kg": null,
      "unit_type": "ea",
      "saving": 0.0,
      "percent_off": 0.0,
      "deal_type": null,
      "scraped_at": "2026-01-04T23:09:35.300370"
    },
    {
      "store": "New World",
      "name": "Hellers Craft Sliced Tandoori Chicken\n\n250g",
      "brand": null,
      "price": 11.85,
      "original_price": 11.85,
      "price_per_kg": null,
      "unit_type": "ea",
      "saving": 0.0,
      "percent_off": 0.0,
      "deal_type": null,
      "scraped_at": "2026-01-04T23:09:35.341207"
    },
    {
      "store": "New World",
      "name": "Harris Farms Lamb Herb n Manuka Burgers\n\n2 x 110g",
      "brand": null,
      "price": 7.15,
      "original_price": 7.15,
      "price_per_kg": null,
      "unit_type": "ea",
      "saving": 0.0,
      "percent_off": 0.0,
      "deal_type": "Club Deal",
      "scraped_at": "2026-01-04T23:09:35.374881"
    },
    {
      "store": "New World",
      "name": "Pork Fillets\n\nkg",
      "brand": null,
      "price": 32.99,
      "original_price": 32.99,
      "price_per_kg": null,
      "unit_type": "ea",
      "saving": 0.0,
      "percent_off": 0.0,
      "deal_type": null,
      "scraped_at": "2026-01-04T23:09:35.414462"
    },
    {
      "store": "New World",
      "name": "Tegel BBQ Chicken Thighs Cooked\n\nkg",
      "brand": null,
      "price": 19.9,
      "original_price": 19.9,
      "price_per_kg": null,
      "unit_type": "ea",
      "saving": 0.0,
      "percent_off": 0.0,
      "deal_type": null,
      "scraped_at": "2026-01-04T23:09:35.453820"
    },
    {
      "store": "New World",
      "name": "Tegel Free Range Manuka Smoked Chicken Rashers\n\n350g",
      "brand": null,
      "price": 11.95,
      "original_price": 11.95,
      "price_per_kg": null,
      "unit_type": "ea",
      "saving": 0.0,
      "percent_off": 0.0,
      "deal_type": null,
      "scraped_at": "2026-01-04T23:09:35.489156"
    },
    {
      "store": "New World",
      "name": "Primo Smallgoods Gold Proscuitto\n\n100g",
      "brand": null,
      "price": 15.09,
      "original_price": 15.09,
      "price_per_kg": null,
      "unit_type": "ea",
      "saving": 0.0,
      "percent_off": 0.0,
      "deal_type": null,
      "scraped_at": "2026-01-04T23:09:35.524074"
    },
    {
      "store": "New World",
      "name": "Vegie Delights Hot Dogs\n\n300g",
      "brand": null,
      "price": 14.55,
      "original_price": 14.55,
      "price_per_kg": null,
      "unit_type": "ea",
      "saving": 0.0,
      "percent_off": 0.0,
      "deal_type": "Club Deal",
      "scraped_at": "2026-01-04T23:09:35.561213"
    },
    {
      "store": "New World",
      "name": "Hutton's Shoulder Bacon\n\n550g",
      "brand": null,
      "price": 11.45,
      "original_price": 11.45,
      "price_per_kg": null,
      "unit_type": "ea",
      "saving": 0.0,
      "percent_off": 0.0,
      "deal_type": null,
      "scraped_at": "2026-01-04T23:09:35.602659"
    },
    {
      "store": "New World",
      "name": "Bostock Brothers 100% Certified Organic Free Range Chicken Drumsticks\n\n900g",
      "brand": null,
      "price": 15.05,
      "original_price": 15.05,
      "price_per_kg": null,
      "unit_type": "ea",
      "saving": 0.0,
      "percent_off": 0.0,
      "deal_type": null,
      "scraped_at": "2026-01-04T23:09:35.641920"
    },
    {
      "store": "New World",
      "name": "Pork Schnitzel\n\nkg",
      "brand": null,
      "price": 24.99,
      "original_price": 24.99,
      "price_per_kg": null,
      "unit_type": "ea",
      "saving": 0.0,
      "percent_off": 0.0,
      "deal_type": null,
      "scraped_at": "2026-01-04T23:09:35.692447"
    },
    {
      "store": "New World",
      "name": "Pork Boneless & Skinless Loin Roast\n\nkg",
      "brand": null,
      "price": 24.99,
      "original_price": 24.99,
      "price_per_kg": null,
      "unit_type": "ea",
      "saving": 0.0,
      "percent_off": 0.0,
      "deal_type": "Club Deal",
      "scraped_at": "2026-01-04T23:09:35.729457"
    },
    {
      "store": "New World",
      "name": "Tegel Free Range Meal Maker Shredded Sweet Chilli Chicken\n\n100g",
      "brand": null,
      "price": 6.19,
      "original_price": 6.19,
      "price_per_kg": null,
      "unit_type": "ea",
      "saving": 0.0,
      "percent_off": 0.0,
      "deal_type": null,
      "scraped_at": "2026-01-04T23:09:35.772990"
    },
    {
      "store": "New World",
      "name": "Beef Minute Steak\n\nkg",
      "brand": null,
      "price": 27.99,
      "original_price": 27.99,
      "price_per_kg": null,
      "unit_type": "ea",
      "saving": 0.0,
      "percent_off": 0.0,
      "deal_type": null,
      "scraped_at": "2026-01-04T23:09:35.807765"
    },
    {
      "store": "New World",
      "name": "Ghiotti Salame Milano\n\n70g",
      "brand": null,
      "price": 8.99,
      "original_price": 8.99,
      "price_per_kg": null,
      "unit_type": "ea",
      "saving": 0.0,
      "percent_off": 0.0,
      "deal_type": null,
      "scraped_at": "2026-01-04T23:09:35.847316"
    },
    {
      "store": "New World",
      "name": "Hellers Craft Spanish Chorizo Sausages\n\n200g",
      "brand": null,
      "price": 8.49,
      "original_price": 8.49,
      "price_per_kg": null,
      "unit_type": "ea",
      "saving": 0.0,
      "percent_off": 0.0,
      "deal_type": null,
      "scraped_at": "2026-01-04T23:09:35.889661"
    },
    {
      "store": "New World",
      "name": "Farmland Beef Thin Sliced Hot\n\n100g",
      "brand": null,
      "price": 7.59,
      "original_price": 7.59,
      "price_per_kg": null,
      "unit_type": "ea",
      "saving": 0.0,
      "percent_off": 0.0,
      "deal_type": null,
      "scraped_at": "2026-01-04T23:09:35.929827"
    },
    {
      "store": "New World",
      "name": "NZ Frenched Lamb Rack\n\nkg",
      "brand": null,
      "price": 62.99,
      "original_price": 62.99,
      "price_per_kg": null,
      "unit_type": "ea",
      "saving": 0.0,
      "percent_off": 0.0,
      "deal_type": null,
      "scraped_at": "2026-01-04T23:09:35.964320"
    },
    {
      "store": "New World",
      "name": "Farmland Thin Sliced Hot Pork\n\n100g",
      "brand": null,
      "price": 7.59,
      "original_price": 7.59,
      "price_per_kg": null,
      "unit_type": "ea",
      "saving": 0.0,
      "percent_off": 0.0,
      "deal_type": null,
      "scraped_at": "2026-01-04T23:09:36.003531"
    },
    {
      "store": "New World",
      "name": "Pams Finest Premium Cooked Jumbo Shrimp\n\n500g",
      "brand": null,
      "price": 19.05,
      "original_price": 19.05,
      "price_per_kg": null,
      "unit_type": "ea",
      "saving": 0.0,
      "percent_off": 0.0,
      "deal_type": "Club Deal",
      "scraped_at": "2026-01-04T23:09:36.041375"
    },
    {
      "store": "New World",
      "name": "Harris Farms North Canterbury Beef Burger Patties\n\n480g",
      "brand": null,
      "price": 12.99,
      "original_price": 12.99,
      "price_per_kg": null,
      "unit_type": "ea",
      "saving": 0.0,
      "percent_off": 0.0,
      "deal_type": null,
      "scraped_at": "2026-01-04T23:09:36.080665"
    },
    {
      "store": "New World",
      "name": "Pams Precooked Cheese Sausages\n\n1kg",
      "brand": null,
      "price": 10.59,
      "original_price": 10.59,
      "price_per_kg": null,
      "unit_type": "ea",
      "saving": 0.0,
      "percent_off": 0.0,
      "deal_type": null,
      "scraped_at": "2026-01-04T23:09:36.120399"
    },
    {
      "store": "New World",
      "name": "Tegel Free Range Meal Maker Shredded Satay Flavoured Chicken\n\n260g",
      "brand": null,
      "price": 12.85,
      "original_price": 12.85,
      "price_per_kg": null,
      "unit_type": "ea",
      "saving": 0.0,
      "percent_off": 0.0,
      "deal_type": "Club Deal",
      "scraped_at": "2026-01-04T23:09:36.154949"
    },
    {
      "store": "New World",
      "name": "Tonzu Original High Protein Organic Tempeh\n\n250g",
      "brand": null,
      "price": 8.99,
      "original_price": 8.99,
      "price_per_kg": null,
      "unit_type": "ea",
      "saving": 0.0,
      "percent_off": 0.0,
      "deal_type": "Club Deal",
      "scraped_at": "2026-01-04T23:09:36.192489"
    },
    {
      "store": "New World",
      "name": "Beak & Sons Tender & Smoky Hickory BBQ Pork Ribs\n\nkg",
      "brand": null,
      "price": 24.45,
      "original_price": 24.45,
      "price_per_kg": null,
      "unit_type": "ea",
      "saving": 0.0,
      "percent_off": 0.0,
      "deal_type": null,
      "scraped_at": "2026-01-04T23:09:36.231873"
    },
    {
      "store": "New World",
      "name": "Tonzu Organic Vegan Sage & Onion Sausages\n\n300g",
      "brand": null,
      "price": 9.99,
      "original_price": 9.99,
      "price_per_kg": null,
      "unit_type": "ea",
      "saving": 0.0,
      "percent_off": 0.0,
      "deal_type": "Club Deal",
      "scraped_at": "2026-01-04T23:09:36.264385"
    },
    {
      "store": "New World",
      "name": "Bostock Brothers 100% Certified Organic Free Range Skinless Chicken Breast\n\nkg",
      "brand": null,
      "price": 33.99,
      "original_price": 33.99,
      "price_per_kg": null,
      "unit_type": "ea",
      "saving": 0.0,
      "percent_off": 0.0,
      "deal_type": null,
      "scraped_at": "2026-01-04T23:09:36.303758"
    },
    {
      "store": "New World",
      "name": "NZ Lamb Leg Chops\n\nkg",
      "brand": null,
      "price": 27.99,
      "original_price": 27.99,
      "price_per_kg": null,
      "unit_type": "ea",
      "saving": 0.0,
      "percent_off": 0.0,
      "deal_type": null,
      "scraped_at": "2026-01-04T23:09:36.343216"
    },
    {
      "store": "New World",
      "name": "Bostock Brothers 100% Certified Organic Free Range Chicken Nibbles\n\n900g",
      "brand": null,
      "price": 14.85,
      "original_price": 14.85,
      "price_per_kg": null,
      "unit_type": "ea",
      "saving": 0.0,
      "percent_off": 0.0,
      "deal_type": null,
      "scraped_at": "2026-01-04T23:09:36.419414"
    },
    {
      "store": "New World",
      "name": "Beef Brisket\n\nkg",
      "brand": null,
      "price": 25.99,
      "original_price": 25.99,
      "price_per_kg": null,
      "unit_type": "ea",
      "saving": 0.0,
      "percent_off": 0.0,
      "deal_type": null,
      "scraped_at": "2026-01-04T23:09:36.458972"
    },
    {
      "store": "New World",
      "name": "Beak & Sons Tender & Smoky Apple BBQ Pulled Pork\n\n600g",
      "brand": null,
      "price": 23.99,
      "original_price": 23.99,
      "price_per_kg": null,
      "unit_type": "ea",
      "saving": 0.0,
      "percent_off": 0.0,
      "deal_type": null,
      "scraped_at": "2026-01-04T23:09:36.493949"
    },
    {
      "store": "New World",
      "name": "NZ Pork Spare Ribs\n\nkg",
      "brand": null,
      "price": 24.99,
      "original_price": 24.99,
      "price_per_kg": null,
      "unit_type": "ea",
      "saving": 0.0,
      "percent_off": 0.0,
      "deal_type": null,
      "scraped_at": "2026-01-04T23:09:36.528641"
    },
    {
      "store": "New World",
      "name": "Sea Cuisine Crumbed Prawns Butterflied 21/25\n\n250g",
      "brand": null,
      "price": 8.09,
      "original_price": 8.09,
      "price_per_kg": null,
      "unit_type": "ea",
      "saving": 0.0,
      "percent_off": 0.0,
      "deal_type": null,
      "scraped_at": "2026-01-04T23:09:36.563783"
    },
    {
      "store": "New World",
      "name": "Capsicum & Apricot Chicken Mignon\n\n1pk",
      "brand": null,
      "price": 5.49,
      "original_price": 5.49,
      "price_per_kg": null,
      "unit_type": "ea",
      "saving": 0.0,
      "percent_off": 0.0,
      "deal_type": null,
      "scraped_at": "2026-01-04T23:09:36.598677"
    },
    {
      "store": "New World",
      "name": "Lamb Hearts\n\nkg",
      "brand": null,
      "price": 15.49,
      "original_price": 15.49,
      "price_per_kg": null,
      "unit_type": "ea",
      "saving": 0.0,
      "percent_off": 0.0,
      "deal_type": null,
      "scraped_at": "2026-01-04T23:09:36.633636"
    },
    {
      "store": "New World",
      "name": "Ghiotti Soppressa Veneta\n\n70g",
      "brand": null,
      "price": 8.99,
      "original_price": 8.99,
      "price_per_kg": null,
      "unit_type": "ea",
      "saving": 0.0,
      "percent_off": 0.0,
      "deal_type": "Club Deal",
      "scraped_at": "2026-01-04T23:09:54.223018"
    },
    {
      "store": "New World",
      "name": "Chicken Nibbles\n\nkg",
      "brand": null,
      "price": 13.49,
      "original_price": 13.49,
      "price_per_kg": null,
      "unit_type": "ea",
      "saving": 0.0,
      "percent_off": 0.0,
      "deal_type": null,
      "scraped_at": "2026-01-04T23:09:54.271616"
    },
    {
      "store": "New World",
      "name": "Hellers Premium Roast Beef\n\nkg",
      "brand": null,
      "price": 49.9,
      "original_price": 49.9,
      "price_per_kg": null,
      "unit_type": "ea",
      "saving": 0.0,
      "percent_off": 0.0,
      "deal_type": null,
      "scraped_at": "2026-01-04T23:09:54.311322"
    },
    {
      "store": "New World",
      "name": "Henderson's Manuka Smoked Streaky Bacon\n\n500g",
      "brand": null,
      "price": 21.85,
      "original_price": 21.85,
      "price_per_kg": null,
      "unit_type": "ea",
      "saving": 0.0,
      "percent_off": 0.0,
      "deal_type": null,
      "scraped_at": "2026-01-04T23:09:54.346707"
    },
    {
      "store": "New World",
      "name": "Ghiotti Chorizo Extra\n\n70g",
      "brand": null,
      "price": 8.99,
      "original_price": 8.99,
      "price_per_kg": null,
      "unit_type": "ea",
      "saving": 0.0,
      "percent_off": 0.0,
      "deal_type": "Club Deal",
      "scraped_at": "2026-01-04T23:09:54.420440"
    },
    {
      "store": "New World",
      "name": "Campbell's Cocktail Saveloys\n\nkg",
      "brand": null,
      "price": 16.79,
      "original_price": 16.79,
      "price_per_kg": null,
      "unit_type": "ea",
      "saving": 0.0,
      "percent_off": 0.0,
      "deal_type": null,
      "scraped_at": "2026-01-04T23:09:54.464425"
    },
    {
      "store": "New World",
      "name": "Bird & Barrow Chicken Mince\n\nkg",
      "brand": null,
      "price": 23.99,
      "original_price": 23.99,
      "price_per_kg": null,
      "unit_type": "ea",
      "saving": 0.0,
      "percent_off": 0.0,
      "deal_type": "Club Deal",
      "scraped_at": "2026-01-04T23:09:54.497699"
    },
    {
      "store": "New World",
      "name": "Whole Beef Eye Fillet\n\nkg",
      "brand": null,
      "price": 56.99,
      "original_price": 56.99,
      "price_per_kg": null,
      "unit_type": "ea",
      "saving": 0.0,
      "percent_off": 0.0,
      "deal_type": null,
      "scraped_at": "2026-01-04T23:09:54.543144"
    },
    {
      "store": "New World",
      "name": "First Light Premium Wagyu Beef Sausages\n\n420g",
      "brand": null,
      "price": 15.25,
      "original_price": 15.25,
      "price_per_kg": null,
      "unit_type": "ea",
      "saving": 0.0,
      "percent_off": 0.0,
      "deal_type": null,
      "scraped_at": "2026-01-04T23:09:54.582384"
    },
    {
      "store": "New World",
      "name": "Campbell's Butchery Saveloys\n\nkg",
      "brand": null,
      "price": 14.99,
      "original_price": 14.99,
      "price_per_kg": null,
      "unit_type": "ea",
      "saving": 0.0,
      "percent_off": 0.0,
      "deal_type": null,
      "scraped_at": "2026-01-04T23:09:54.617313"
    },
    {
      "store": "New World",
      "name": "NZ Pork Crackling\n\nkg",
      "brand": null,
      "price": 9.49,
      "original_price": 9.49,
      "price_per_kg": null,
      "unit_type": "ea",
      "saving": 0.0,
      "percent_off": 0.0,
      "deal_type": null,
      "scraped_at": "2026-01-04T23:09:54.651753"
    },
    {
      "store": "New World",
      "name": "Bostock Brothers 100% Certified Organic Free Range Chicken Tenders\n\n500g",
      "brand": null,
      "price": 15.85,
      "original_price": 15.85,
      "price_per_kg": null,
      "unit_type": "ea",
      "saving": 0.0,
      "percent_off": 0.0,
      "deal_type": null,
      "scraped_at": "2026-01-04T23:09:54.691106"
    },
    {
      "store": "New World",
      "name": "Picanha Beef Rump Roast\n\nkg",
      "brand": null,
      "price": 34.89,
      "original_price": 34.89,
      "price_per_kg": null,
      "unit_type": "ea",
      "saving": 0.0,
      "percent_off": 0.0,
      "deal_type": null,
      "scraped_at": "2026-01-04T23:09:54.730302"
    },
    {
      "store": "New World",
      "name": "Tonzu Organic Vegan Garlic & Chilli Sausages\n\n300g",
      "brand": null,
      "price": 9.99,
      "original_price": 9.99,
      "price_per_kg": null,
      "unit_type": "ea",
      "saving": 0.0,
      "percent_off": 0.0,
      "deal_type": "Club Deal",
      "scraped_at": "2026-01-04T23:09:54.768008"
    },
    {
      "store": "New World",
      "name": "Campbell's Butchery Chipolatas Sausages\n\nkg",
      "brand": null,
      "price": 16.99,
      "original_price": 16.99,
      "price_per_kg": null,
      "unit_type": "ea",
      "saving": 0.0,
      "percent_off": 0.0,
      "deal_type": null,
      "scraped_at": "2026-01-04T23:09:54.808969"
    },
    {
      "store": "New World",
      "name": "First Light Flat Iron Wagyu Beef Steak\n\n250g",
      "brand": null,
      "price": 12.79,
      "original_price": 12.79,
      "price_per_kg": null,
      "unit_type": "ea",
      "saving": 0.0,
      "percent_off": 0.0,
      "deal_type": null,
      "scraped_at": "2026-01-04T23:09:54.846864"
    },
    {
      "store": "New World",
      "name": "Roast Lamb\n\nkg",
      "brand": null,
      "price": 42.9,
      "original_price": 42.9,
      "price_per_kg": null,
      "unit_type": "ea",
      "saving": 0.0,
      "percent_off": 0.0,
      "deal_type": null,
      "scraped_at": "2026-01-04T23:09:54.897405"
    },
    {
      "store": "New World",
      "name": "Henderson's Manuka Smoked Middle Bacon\n\n500g",
      "brand": null,
      "price": 23.29,
      "original_price": 23.29,
      "price_per_kg": null,
      "unit_type": "ea",
      "saving": 0.0,
      "percent_off": 0.0,
      "deal_type": null,
      "scraped_at": "2026-01-04T23:09:54.932589"
    },
    {
      "store": "New World",
      "name": "Beak & Sons Tender & Saucy Bourbon Beef Brisket\n\n600g",
      "brand": null,
      "price": 24.99,
      "original_price": 24.99,
      "price_per_kg": null,
      "unit_type": "ea",
      "saving": 0.0,
      "percent_off": 0.0,
      "deal_type": null,
      "scraped_at": "2026-01-04T23:09:54.972331"
    },
    {
      "store": "New World",
      "name": "Bird & Barrow Diced Chicken Breast\n\nkg",
      "brand": null,
      "price": 23.99,
      "original_price": 23.99,
      "price_per_kg": null,
      "unit_type": "ea",
      "saving": 0.0,
      "percent_off": 0.0,
      "deal_type": "Club Deal",
      "scraped_at": "2026-01-04T23:09:55.008269"
    },
    {
      "store": "New World",
      "name": "Lamb Back Straps\n\nkg",
      "brand": null,
      "price": 69.99,
      "original_price": 69.99,
      "price_per_kg": null,
      "unit_type": "ea",
      "saving": 0.0,
      "percent_off": 0.0,
      "deal_type": null,
      "scraped_at": "2026-01-04T23:09:55.052360"
    },
    {
      "store": "New World",
      "name": "Pork Belly Bites\n\nkg",
      "brand": null,
      "price": 30.49,
      "original_price": 30.49,
      "price_per_kg": null,
      "unit_type": "ea",
      "saving": 0.0,
      "percent_off": 0.0,
      "deal_type": null,
      "scraped_at": "2026-01-04T23:09:55.123112"
    },
    {
      "store": "New World",
      "name": "Tegel Free Range Meal Maker Shredded Flame Grilled Style Chicken\n\n100g",
      "brand": null,
      "price": 6.19,
      "original_price": 6.19,
      "price_per_kg": null,
      "unit_type": "ea",
      "saving": 0.0,
      "percent_off": 0.0,
      "deal_type": null,
      "scraped_at": "2026-01-04T23:09:55.157947"
    },
    {
      "store": "New World",
      "name": "Sea Cuisine Raw Prawn Cutlets\n\n0.5kg",
      "brand": null,
      "price": 16.39,
      "original_price": 16.39,
      "price_per_kg": null,
      "unit_type": "ea",
      "saving": 0.0,
      "percent_off": 0.0,
      "deal_type": null,
      "scraped_at": "2026-01-04T23:09:55.192604"
    },
    {
      "store": "New World",
      "name": "Verkerks Wagyu Salami\n\n100g",
      "brand": null,
      "price": 11.29,
      "original_price": 11.29,
      "price_per_kg": null,
      "unit_type": "ea",
      "saving": 0.0,
      "percent_off": 0.0,
      "deal_type": "Club Deal",
      "scraped_at": "2026-01-04T23:09:55.261923"
    },
    {
      "store": "New World",
      "name": "Bostock Brothers 100% Certified Organic Free Range Boneless Chicken Thighs\n\nkg",
      "brand": null,
      "price": 41.99,
      "original_price": 41.99,
      "price_per_kg": null,
      "unit_type": "ea",
      "saving": 0.0,
      "percent_off": 0.0,
      "deal_type": null,
      "scraped_at": "2026-01-04T23:09:55.302393"
    },
    {
      "store": "New World",
      "name": "Martinez Salchichon Spanish Salami\n\n90g",
      "brand": null,
      "price": 5.69,
      "original_price": 5.69,
      "price_per_kg": null,
      "unit_type": "ea",
      "saving": 0.0,
      "percent_off": 0.0,
      "deal_type": null,
      "scraped_at": "2026-01-04T23:09:55.342948"
    },
    {
      "store": "New World",
      "name": "Lamb Kidneys\n\nkg",
      "brand": null,
      "price": 29.99,
      "original_price": 29.99,
      "price_per_kg": null,
      "unit_type": "ea",
      "saving": 0.0,
      "percent_off": 0.0,
      "deal_type": null,
      "scraped_at": "2026-01-04T23:09:55.378485"
    },
    {
      "store": "New World",
      "name": "First Light Wagyu Beef Meatballs\n\n400g",
      "brand": null,
      "price": 15.49,
      "original_price": 15.49,
      "price_per_kg": null,
      "unit_type": "ea",
      "saving": 0.0,
      "percent_off": 0.0,
      "deal_type": "Club Deal",
      "scraped_at": "2026-01-04T23:09:55.415528"
    },
    {
      "store": "New World",
      "name": "United Fish Co Oven Ready Coconut Crumbed Prawns\n\n250g",
      "brand": null,
      "price": 9.69,
      "original_price": 9.69,
      "price_per_kg": null,
      "unit_type": "ea",
      "saving": 0.0,
      "percent_off": 0.0,
      "deal_type": null,
      "scraped_at": "2026-01-04T23:09:55.454789"
    },
    {
      "store": "New World",
      "name": "Pestell's Ends Manuka Smoked Bacon\n\n1kg",
      "brand": null,
      "price": 18.99,
      "original_price": 18.99,
      "price_per_kg": null,
      "unit_type": "ea",
      "saving": 0.0,
      "percent_off": 0.0,
      "deal_type": null,
      "scraped_at": "2026-01-04T23:09:55.525826"
    },
    {
      "store": "New World",
      "name": "Martinez Picante Pepperoni Salami\n\n90g",
      "brand": null,
      "price": 5.69,
      "original_price": 5.69,
      "price_per_kg": null,
      "unit_type": "ea",
      "saving": 0.0,
      "percent_off": 0.0,
      "deal_type": null,
      "scraped_at": "2026-01-04T23:09:55.563224"
    },
    {
      "store": "New World",
      "name": "Pork Mignon\n\n1pk",
      "brand": null,
      "price": 6.99,
      "original_price": 6.99,
      "price_per_kg": null,
      "unit_type": "ea",
      "saving": 0.0,
      "percent_off": 0.0,
      "deal_type": null,
      "scraped_at": "2026-01-04T23:09:55.598116"
    },
    {
      "store": "New World",
      "name": "Store-Made Irish Pork Sausages\n\nkg",
      "brand": null,
      "price": 21.99,
      "original_price": 21.99,
      "price_per_kg": null,
      "unit_type": "ea",
      "saving": 0.0,
      "percent_off": 0.0,
      "deal_type": "Club Deal",
      "scraped_at": "2026-01-04T23:09:55.635050"
    },
    {
      "store": "New World",
      "name": "Ghiotti L'Autentico Prosciutto\n\n80g",
      "brand": null,
      "price": 9.99,
      "original_price": 9.99,
      "price_per_kg": null,
      "unit_type": "ea",
      "saving": 0.0,
      "percent_off": 0.0,
      "deal_type": null,
      "scraped_at": "2026-01-04T23:09:55.674112"
    },
    {
      "store": "New World",
      "name": "Rose & Mint Lamb Shoulder Chops\n\nkg",
      "brand": null,
      "price": 19.99,
      "original_price": 19.99,
      "price_per_kg": null,
      "unit_type": "ea",
      "saving": 0.0,
      "percent_off": 0.0,
      "deal_type": null,
      "scraped_at": "2026-01-04T23:09:55.713979"
    },
    {
      "store": "New World",
      "name": "Diced Lamb\n\nkg",
      "brand": null,
      "price": 39.99,
      "original_price": 39.99,
      "price_per_kg": null,
      "unit_type": "ea",
      "saving": 0.0,
      "percent_off": 0.0,
      "deal_type": null,
      "scraped_at": "2026-01-04T23:09:55.752869"
    },
    {
      "store": "New World",
      "name": "Roast Beef\n\nkg",
      "brand": null,
      "price": 42.9,
      "original_price": 42.9,
      "price_per_kg": null,
      "unit_type": "ea",
      "saving": 0.0,
      "percent_off": 0.0,
      "deal_type": null,
      "scraped_at": "2026-01-04T23:09:55.792069"
    },
    {
      "store": "New World",
      "name": "First Light Perfectly Aged Wagyu Beef Ribeye\n\n170g",
      "brand": null,
      "price": 20.99,
      "original_price": 20.99,
      "price_per_kg": null,
      "unit_type": "ea",
      "saving": 0.0,
      "percent_off": 0.0,
      "deal_type": null,
      "scraped_at": "2026-01-04T23:09:55.828164"
    },
    {
      "store": "New World",
      "name": "United Fish Co Oven Ready Salt & Pepper Battered Prawns\n\n250g",
      "brand": null,
      "price": 9.69,
      "original_price": 9.69,
      "price_per_kg": null,
      "unit_type": "ea",
      "saving": 0.0,
      "percent_off": 0.0,
      "deal_type": null,
      "scraped_at": "2026-01-04T23:09:55.868061"
    },
    {
      "store": "New World",
      "name": "Aquarius Fresh Pacific Oysters\n\n200g",
      "brand": null,
      "price": 26.09,
      "original_price": 26.09,
      "price_per_kg": null,
      "unit_type": "ea",
      "saving": 0.0,
      "percent_off": 0.0,
      "deal_type": null,
      "scraped_at": "2026-01-04T23:09:55.902824"
    },
    {
      "store": "New World",
      "name": "Hellers Craft Sliced Barbecue Chicken\n\n250g",
      "brand": null,
      "price": 11.85,
      "original_price": 11.85,
      "price_per_kg": null,
      "unit_type": "ea",
      "saving": 0.0,
      "percent_off": 0.0,
      "deal_type": null,
      "scraped_at": "2026-01-04T23:09:55.941917"
    },
    {
      "store": "New World",
      "name": "United Fish Co Oven Ready Hot & Spicy Battered Prawns\n\n250g",
      "brand": null,
      "price": 9.69,
      "original_price": 9.69,
      "price_per_kg": null,
      "unit_type": "ea",
      "saving": 0.0,
      "percent_off": 0.0,
      "deal_type": null,
      "scraped_at": "2026-01-04T23:09:55.976747"
    },
    {
      "store": "New World",
      "name": "Hellers Honey Baked Ham\n\n900g",
      "brand": null,
      "price": 16.66,
      "original_price": 18.75,
      "price_per_kg": null,
      "unit_type": "ea",
      "saving": 2.09,
      "percent_off": 11.1,
      "deal_type": "Club Deal",
      "scraped_at": "2026-01-04T23:09:56.013394"
    },
    {
      "store": "New World",
      "name": "Beak & Sons Sweet & Zesty Plum & Ginger Pork Belly\n\n600g",
      "brand": null,
      "price": 23.25,
      "original_price": 23.25,
      "price_per_kg": null,
      "unit_type": "ea",
      "saving": 0.0,
      "percent_off": 0.0,
      "deal_type": null,
      "scraped_at": "2026-01-04T23:09:56.057403"
    },
    {
      "store": "New World",
      "name": "Lamb Drumsticks\n\n1pk",
      "brand": null,
      "price": 10.29,
      "original_price": 10.29,
      "price_per_kg": null,
      "unit_type": "ea",
      "saving": 0.0,
      "percent_off": 0.0,
      "deal_type": null,
      "scraped_at": "2026-01-04T23:09:56.092361"
    },
    {
      "store": "New World",
      "name": "NZ Elephant Fish Fillets\n\nkg",
      "brand": null,
      "price": 29.99,
      "original_price": 29.99,
      "price_per_kg": null,
      "unit_type": "ea",
      "saving": 0.0,
      "percent_off": 0.0,
      "deal_type": null,
      "scraped_at": "2026-01-04T23:10:13.301296"
    },
    {
      "store": "New World",
      "name": "Sealord Shrimp & Surimi Salad\n\nkg",
      "brand": null,
      "price": 21.99,
      "original_price": 21.99,
      "price_per_kg": null,
      "unit_type": "ea",
      "saving": 0.0,
      "percent_off": 0.0,
      "deal_type": null,
      "scraped_at": "2026-01-04T23:10:13.341728"
    },
    {
      "store": "New World",
      "name": "Bostock Brothers 100% Certified Organic Free Range Marinated Butterflied Chicken\n\n1.35kg",
      "brand": null,
      "price": 27.15,
      "original_price": 27.15,
      "price_per_kg": null,
      "unit_type": "ea",
      "saving": 0.0,
      "percent_off": 0.0,
      "deal_type": null,
      "scraped_at": "2026-01-04T23:10:13.377080"
    },
    {
      "store": "New World",
      "name": "Martinez Chorizo Extra Cured Sausages\n\n120g",
      "brand": null,
      "price": 7.35,
      "original_price": 7.35,
      "price_per_kg": null,
      "unit_type": "ea",
      "saving": 0.0,
      "percent_off": 0.0,
      "deal_type": null,
      "scraped_at": "2026-01-04T23:10:13.417001"
    },
    {
      "store": "New World",
      "name": "Ghiotti Salchichon\n\n70g",
      "brand": null,
      "price": 8.99,
      "original_price": 8.99,
      "price_per_kg": null,
      "unit_type": "ea",
      "saving": 0.0,
      "percent_off": 0.0,
      "deal_type": "Club Deal",
      "scraped_at": "2026-01-04T23:10:13.449834"
    },
    {
      "store": "New World",
      "name": "Chicken Tenderloins\n\nkg",
      "brand": null,
      "price": 23.49,
      "original_price": 23.49,
      "price_per_kg": null,
      "unit_type": "ea",
      "saving": 0.0,
      "percent_off": 0.0,
      "deal_type": null,
      "scraped_at": "2026-01-04T23:10:13.493976"
    },
    {
      "store": "New World",
      "name": "United Fish Co Tangyang Crispy Squid\n\n400g",
      "brand": null,
      "price": 12.09,
      "original_price": 12.09,
      "price_per_kg": null,
      "unit_type": "ea",
      "saving": 0.0,
      "percent_off": 0.0,
      "deal_type": null,
      "scraped_at": "2026-01-04T23:10:13.534257"
    },
    {
      "store": "New World",
      "name": "Loose Bacon\n\nkg",
      "brand": null,
      "price": 32.99,
      "original_price": 32.99,
      "price_per_kg": null,
      "unit_type": "ea",
      "saving": 0.0,
      "percent_off": 0.0,
      "deal_type": null,
      "scraped_at": "2026-01-04T23:10:13.569380"
    },
    {
      "store": "New World",
      "name": "Farmland Pastrami\n\nkg",
      "brand": null,
      "price": 54.9,
      "original_price": 54.9,
      "price_per_kg": null,
      "unit_type": "ea",
      "saving": 0.0,
      "percent_off": 0.0,
      "deal_type": null,
      "scraped_at": "2026-01-04T23:10:13.604576"
    },
    {
      "store": "New World",
      "name": "Shore Mariner Cooked Vannamei Whole Prawns\n\n400g",
      "brand": null,
      "price": 17.59,
      "original_price": 17.59,
      "price_per_kg": null,
      "unit_type": "ea",
      "saving": 0.0,
      "percent_off": 0.0,
      "deal_type": null,
      "scraped_at": "2026-01-04T23:10:13.639098"
    },
    {
      "store": "New World",
      "name": "Crumbed Chicken Schnitzel\n\nkg",
      "brand": null,
      "price": 18.99,
      "original_price": 18.99,
      "price_per_kg": null,
      "unit_type": "ea",
      "saving": 0.0,
      "percent_off": 0.0,
      "deal_type": "Club Deal",
      "scraped_at": "2026-01-04T23:10:13.671984"
    },
    {
      "store": "New World",
      "name": "Martinez Pancetta Premium Bacon\n\n90g",
      "brand": null,
      "price": 8.05,
      "original_price": 8.05,
      "price_per_kg": null,
      "unit_type": "ea",
      "saving": 0.0,
      "percent_off": 0.0,
      "deal_type": null,
      "scraped_at": "2026-01-04T23:10:13.715776"
    },
    {
      "store": "New World",
      "name": "Shore Mariner Panko Crumbed Prawn Bites\n\n375g",
      "brand": null,
      "price": 14.19,
      "original_price": 14.19,
      "price_per_kg": null,
      "unit_type": "ea",
      "saving": 0.0,
      "percent_off": 0.0,
      "deal_type": null,
      "scraped_at": "2026-01-04T23:10:13.755362"
    },
    {
      "store": "New World",
      "name": "Shore Mariner Crumbed Formed Squid Rings\n\n450g",
      "brand": null,
      "price": 8.75,
      "original_price": 8.75,
      "price_per_kg": null,
      "unit_type": "ea",
      "saving": 0.0,
      "percent_off": 0.0,
      "deal_type": null,
      "scraped_at": "2026-01-04T23:10:13.792240"
    },
    {
      "store": "New World",
      "name": "Premium Game Ltd Venison Leg Medallions\n\n500g",
      "brand": null,
      "price": 24.79,
      "original_price": 24.79,
      "price_per_kg": null,
      "unit_type": "ea",
      "saving": 0.0,
      "percent_off": 0.0,
      "deal_type": null,
      "scraped_at": "2026-01-04T23:10:13.843425"
    },
    {
      "store": "New World",
      "name": "Ghiotti Fiesta Espanola\n\n85g",
      "brand": null,
      "price": 12.99,
      "original_price": 12.99,
      "price_per_kg": null,
      "unit_type": "ea",
      "saving": 0.0,
      "percent_off": 0.0,
      "deal_type": "Club Deal",
      "scraped_at": "2026-01-04T23:10:13.881084"
    },
    {
      "store": "New World",
      "name": "Frozen Vannamei Whole Raw Prawn\n\nkg",
      "brand": null,
      "price": 27.99,
      "original_price": 27.99,
      "price_per_kg": null,
      "unit_type": "ea",
      "saving": 0.0,
      "percent_off": 0.0,
      "deal_type": null,
      "scraped_at": "2026-01-04T23:10:13.920836"
    },
    {
      "store": "New World",
      "name": "Farmland Hot Pork\n\nkg",
      "brand": null,
      "price": 54.9,
      "original_price": 54.9,
      "price_per_kg": null,
      "unit_type": "ea",
      "saving": 0.0,
      "percent_off": 0.0,
      "deal_type": null,
      "scraped_at": "2026-01-04T23:10:13.955636"
    },
    {
      "store": "New World",
      "name": "NZ Lamb Leg Boneless Roast\n\nkg",
      "brand": null,
      "price": 36.49,
      "original_price": 36.49,
      "price_per_kg": null,
      "unit_type": "ea",
      "saving": 0.0,
      "percent_off": 0.0,
      "deal_type": null,
      "scraped_at": "2026-01-04T23:10:13.994860"
    },
    {
      "store": "New World",
      "name": "Cando Kina\n\n150g",
      "brand": null,
      "price": 39.99,
      "original_price": 39.99,
      "price_per_kg": null,
      "unit_type": "ea",
      "saving": 0.0,
      "percent_off": 0.0,
      "deal_type": null,
      "scraped_at": "2026-01-04T23:10:14.033932"
    },
    {
      "store": "New World",
      "name": "Beehive Country Deli Cooked Boneless Leg Ham\n\n750g",
      "brand": null,
      "price": 21.32,
      "original_price": 22.85,
      "price_per_kg": null,
      "unit_type": "ea",
      "saving": 1.53,
      "percent_off": 6.7,
      "deal_type": "Club Deal",
      "scraped_at": "2026-01-04T23:10:14.074817"
    },
    {
      "store": "New World",
      "name": "Verkerks Pepperoni\n\nkg",
      "brand": null,
      "price": 39.9,
      "original_price": 39.9,
      "price_per_kg": null,
      "unit_type": "ea",
      "saving": 0.0,
      "percent_off": 0.0,
      "deal_type": null,
      "scraped_at": "2026-01-04T23:10:14.118352"
    },
    {
      "store": "New World",
      "name": "Char Sui Pork Bellies\n\n1pk",
      "brand": null,
      "price": 7.99,
      "original_price": 7.99,
      "price_per_kg": null,
      "unit_type": "ea",
      "saving": 0.0,
      "percent_off": 0.0,
      "deal_type": null,
      "scraped_at": "2026-01-04T23:10:14.153050"
    },
    {
      "store": "New World",
      "name": "Blackball Salami Company Limited Original Garlic Salami\n\n100g",
      "brand": null,
      "price": 14.09,
      "original_price": 14.09,
      "price_per_kg": null,
      "unit_type": "ea",
      "saving": 0.0,
      "percent_off": 0.0,
      "deal_type": null,
      "scraped_at": "2026-01-04T23:10:14.192112"
    },
    {
      "store": "New World",
      "name": "Farmland Cooked Hot Beef\n\nkg",
      "brand": null,
      "price": 54.9,
      "original_price": 54.9,
      "price_per_kg": null,
      "unit_type": "ea",
      "saving": 0.0,
      "percent_off": 0.0,
      "deal_type": null,
      "scraped_at": "2026-01-04T23:10:14.231256"
    },
    {
      "store": "New World",
      "name": "Fresh Salmon Fillet Pin Out\n\nkg",
      "brand": null,
      "price": 65.99,
      "original_price": 65.99,
      "price_per_kg": null,
      "unit_type": "ea",
      "saving": 0.0,
      "percent_off": 0.0,
      "deal_type": null,
      "scraped_at": "2026-01-04T23:10:14.265756"
    },
    {
      "store": "New World",
      "name": "Premium Game Ltd Venison Mince\n\n500g",
      "brand": null,
      "price": 13.79,
      "original_price": 13.79,
      "price_per_kg": null,
      "unit_type": "ea",
      "saving": 0.0,
      "percent_off": 0.0,
      "deal_type": null,
      "scraped_at": "2026-01-04T23:10:14.300473"
    },
    {
      "store": "New World",
      "name": "Salmon Fillets Pin In\n\nkg",
      "brand": null,
      "price": 59.99,
      "original_price": 59.99,
      "price_per_kg": null,
      "unit_type": "ea",
      "saving": 0.0,
      "percent_off": 0.0,
      "deal_type": null,
      "scraped_at": "2026-01-04T23:10:14.340502"
    },
    {
      "store": "New World",
      "name": "Blackball Salami Company Limited Venison Pepperoni Salami\n\n100g",
      "brand": null,
      "price": 17.69,
      "original_price": 17.69,
      "price_per_kg": null,
      "unit_type": "ea",
      "saving": 0.0,
      "percent_off": 0.0,
      "deal_type": null,
      "scraped_at": "2026-01-04T23:10:14.375254"
    },
    {
      "store": "New World",
      "name": "Apricot Cream Cheese & Bacon Chicken Breast Fillet\n\n1pk",
      "brand": null,
      "price": 8.99,
      "original_price": 8.99,
      "price_per_kg": null,
      "unit_type": "ea",
      "saving": 0.0,
      "percent_off": 0.0,
      "deal_type": null,
      "scraped_at": "2026-01-04T23:10:14.409821"
    },
    {
      "store": "New World",
      "name": "Premium Game Ltd Venison Steaks\n\n500g",
      "brand": null,
      "price": 22.79,
      "original_price": 22.79,
      "price_per_kg": null,
      "unit_type": "ea",
      "saving": 0.0,
      "percent_off": 0.0,
      "deal_type": null,
      "scraped_at": "2026-01-04T23:10:14.479952"
    },
    {
      "store": "New World",
      "name": "Chicken Breast with Smoked Cheddar, Bacon & BBQ Sauce\n\n1pk",
      "brand": null,
      "price": 7.99,
      "original_price": 7.99,
      "price_per_kg": null,
      "unit_type": "ea",
      "saving": 0.0,
      "percent_off": 0.0,
      "deal_type": null,
      "scraped_at": "2026-01-04T23:10:14.518850"
    },
    {
      "store": "New World",
      "name": "Verkerks Italian Salami\n\nkg",
      "brand": null,
      "price": 39.9,
      "original_price": 39.9,
      "price_per_kg": null,
      "unit_type": "ea",
      "saving": 0.0,
      "percent_off": 0.0,
      "deal_type": null,
      "scraped_at": "2026-01-04T23:10:14.557378"
    },
    {
      "store": "New World",
      "name": "Blackball Salami Company Limited Black Pudding Salami Chubb\n\n450g",
      "brand": null,
      "price": 16.99,
      "original_price": 16.99,
      "price_per_kg": null,
      "unit_type": "ea",
      "saving": 0.0,
      "percent_off": 0.0,
      "deal_type": null,
      "scraped_at": "2026-01-04T23:10:14.627380"
    },
    {
      "store": "New World",
      "name": "Verkerks Traditional Chorizo\n\nkg",
      "brand": null,
      "price": 39.9,
      "original_price": 39.9,
      "price_per_kg": null,
      "unit_type": "ea",
      "saving": 0.0,
      "percent_off": 0.0,
      "deal_type": null,
      "scraped_at": "2026-01-04T23:10:14.662122"
    },
    {
      "store": "New World",
      "name": "Kings Battered Crabsticks\n\n7pk",
      "brand": null,
      "price": 8.99,
      "original_price": 8.99,
      "price_per_kg": null,
      "unit_type": "ea",
      "saving": 0.0,
      "percent_off": 0.0,
      "deal_type": null,
      "scraped_at": "2026-01-04T23:10:14.697003"
    },
    {
      "store": "New World",
      "name": "Quorn Meat -Free Sausages\n\n336g",
      "brand": null,
      "price": 11.29,
      "original_price": 11.29,
      "price_per_kg": null,
      "unit_type": "ea",
      "saving": 0.0,
      "percent_off": 0.0,
      "deal_type": null,
      "scraped_at": "2026-01-04T23:10:14.731524"
    },
    {
      "store": "New World",
      "name": "Casa Modena Pork Shank\n\n650g",
      "brand": null,
      "price": 17.99,
      "original_price": 17.99,
      "price_per_kg": null,
      "unit_type": "ea",
      "saving": 0.0,
      "percent_off": 0.0,
      "deal_type": null,
      "scraped_at": "2026-01-04T23:10:14.766083"
    },
    {
      "store": "New World",
      "name": "Pacific West Beer Battered Prawns\n\n300g",
      "brand": null,
      "price": 13.45,
      "original_price": 13.45,
      "price_per_kg": null,
      "unit_type": "ea",
      "saving": 0.0,
      "percent_off": 0.0,
      "deal_type": null,
      "scraped_at": "2026-01-04T23:10:14.800658"
    },
    {
      "store": "New World",
      "name": "Store Made Premium Pork Sausages\n\nkg",
      "brand": null,
      "price": 25.99,
      "original_price": 25.99,
      "price_per_kg": null,
      "unit_type": "ea",
      "saving": 0.0,
      "percent_off": 0.0,
      "deal_type": null,
      "scraped_at": "2026-01-04T23:10:14.835277"
    },
    {
      "store": "New World",
      "name": "Shore Mariner Squid Tentacles\n\n500g",
      "brand": null,
      "price": 10.15,
      "original_price": 10.15,
      "price_per_kg": null,
      "unit_type": "ea",
      "saving": 0.0,
      "percent_off": 0.0,
      "deal_type": null,
      "scraped_at": "2026-01-04T23:10:14.875751"
    },
    {
      "store": "New World",
      "name": "Birds Eye Plant Based Wholemeal Crumb Chicken Style Tenders\n\n300g",
      "brand": null,
      "price": 14.69,
      "original_price": 14.69,
      "price_per_kg": null,
      "unit_type": "ea",
      "saving": 0.0,
      "percent_off": 0.0,
      "deal_type": null,
      "scraped_at": "2026-01-04T23:10:14.915113"
    },
    {
      "store": "New World",
      "name": "De Gustibus Pancetta With Pepper\n\n70g",
      "brand": null,
      "price": 7.99,
      "original_price": 7.99,
      "price_per_kg": null,
      "unit_type": "ea",
      "saving": 0.0,
      "percent_off": 0.0,
      "deal_type": null,
      "scraped_at": "2026-01-04T23:10:14.950082"
    },
    {
      "store": "New World",
      "name": "Lamb Ribeye Steak\n\nkg",
      "brand": null,
      "price": 35.99,
      "original_price": 35.99,
      "price_per_kg": null,
      "unit_type": "ea",
      "saving": 0.0,
      "percent_off": 0.0,
      "deal_type": null,
      "scraped_at": "2026-01-04T23:10:14.989278"
    },
    {
      "store": "New World",
      "name": "Oriental Mint Lamb Shoulder Chops\n\nkg",
      "brand": null,
      "price": 19.99,
      "original_price": 19.99,
      "price_per_kg": null,
      "unit_type": "ea",
      "saving": 0.0,
      "percent_off": 0.0,
      "deal_type": null,
      "scraped_at": "2026-01-04T23:10:15.029028"
    },
    {
      "store": "New World",
      "name": "Verkerks Chorizo\n\nkg",
      "brand": null,
      "price": 37.9,
      "original_price": 37.9,
      "price_per_kg": null,
      "unit_type": "ea",
      "saving": 0.0,
      "percent_off": 0.0,
      "deal_type": null,
      "scraped_at": "2026-01-04T23:10:15.063731"
    },
    {
      "store": "New World",
      "name": "Lamb Oyster Shoulder\n\nkg",
      "brand": null,
      "price": 21.99,
      "original_price": 21.99,
      "price_per_kg": null,
      "unit_type": "ea",
      "saving": 0.0,
      "percent_off": 0.0,
      "deal_type": null,
      "scraped_at": "2026-01-04T23:10:15.098630"
    },
    {
      "store": "New World",
      "name": "Thigh Cutlets\n\nkg",
      "brand": null,
      "price": 17.29,
      "original_price": 17.29,
      "price_per_kg": null,
      "unit_type": "ea",
      "saving": 0.0,
      "percent_off": 0.0,
      "deal_type": null,
      "scraped_at": "2026-01-04T23:10:15.134330"
    },
    {
      "store": "New World",
      "name": "Shore Mariner Cajun Popcorn Squid\n\n360g",
      "brand": null,
      "price": 10.79,
      "original_price": 10.79,
      "price_per_kg": null,
      "unit_type": "ea",
      "saving": 0.0,
      "percent_off": 0.0,
      "deal_type": null,
      "scraped_at": "2026-01-04T23:10:32.344033"
    },
    {
      "store": "New World",
      "name": "Pams Honey Soy Chicken Kebabs\n\n275g",
      "brand": null,
      "price": 6.49,
      "original_price": 6.49,
      "price_per_kg": null,
      "unit_type": "ea",
      "saving": 0.0,
      "percent_off": 0.0,
      "deal_type": null,
      "scraped_at": "2026-01-04T23:10:32.381416"
    },
    {
      "store": "New World",
      "name": "Pams Mexican Chicken Kebabs\n\n275g",
      "brand": null,
      "price": 6.49,
      "original_price": 6.49,
      "price_per_kg": null,
      "unit_type": "ea",
      "saving": 0.0,
      "percent_off": 0.0,
      "deal_type": null,
      "scraped_at": "2026-01-04T23:10:32.421375"
    },
    {
      "store": "New World",
      "name": "Pams Satay Chicken Kebabs\n\n275g",
      "brand": null,
      "price": 6.49,
      "original_price": 6.49,
      "price_per_kg": null,
      "unit_type": "ea",
      "saving": 0.0,
      "percent_off": 0.0,
      "deal_type": null,
      "scraped_at": "2026-01-04T23:10:32.461123"
    },
    {
      "store": "New World",
      "name": "Harris Farms Pork Jalapeno 'n Cheddar Sausage\n\n420g",
      "brand": null,
      "price": 10.29,
      "original_price": 10.29,
      "price_per_kg": null,
      "unit_type": "ea",
      "saving": 0.0,
      "percent_off": 0.0,
      "deal_type": null,
      "scraped_at": "2026-01-04T23:10:32.500354"
    },
    {
      "store": "New World",
      "name": "Pams Sage & Onion Stuffed Chicken Oven Ready\n\n1.5kg",
      "brand": null,
      "price": 17.99,
      "original_price": 17.99,
      "price_per_kg": null,
      "unit_type": "ea",
      "saving": 0.0,
      "percent_off": 0.0,
      "deal_type": null,
      "scraped_at": "2026-01-04T23:10:32.535014"
    },
    {
      "store": "New World",
      "name": "Pams Summer Roast Garlic & Lemon Chicken\n\n1.5kg",
      "brand": null,
      "price": 15.59,
      "original_price": 15.59,
      "price_per_kg": null,
      "unit_type": "ea",
      "saving": 0.0,
      "percent_off": 0.0,
      "deal_type": null,
      "scraped_at": "2026-01-04T23:10:32.574131"
    },
    {
      "store": "New World",
      "name": "TFC Belly Rolled Slice (1.5mm) Pork\n\n450g",
      "brand": null,
      "price": 18.99,
      "original_price": 18.99,
      "price_per_kg": null,
      "unit_type": "ea",
      "saving": 0.0,
      "percent_off": 0.0,
      "deal_type": null,
      "scraped_at": "2026-01-04T23:10:32.608981"
    },
    {
      "store": "New World",
      "name": "Traditional Storemade Beef Flavoured Sausages\n\nkg",
      "brand": null,
      "price": 19.49,
      "original_price": 19.49,
      "price_per_kg": null,
      "unit_type": "ea",
      "saving": 0.0,
      "percent_off": 0.0,
      "deal_type": null,
      "scraped_at": "2026-01-04T23:10:32.658783"
    },
    {
      "store": "New World",
      "name": "John West Chunk Style Tuna In Olive Oil Blend\n\n12 x 95g",
      "brand": null,
      "price": 19.99,
      "original_price": 19.99,
      "price_per_kg": null,
      "unit_type": "ea",
      "saving": 0.0,
      "percent_off": 0.0,
      "deal_type": null,
      "scraped_at": "2026-01-04T23:10:32.693792"
    },
    {
      "store": "New World",
      "name": "John West Chunk Style Tuna in Springwater\n\n12 x 95g",
      "brand": null,
      "price": 19.99,
      "original_price": 19.99,
      "price_per_kg": null,
      "unit_type": "ea",
      "saving": 0.0,
      "percent_off": 0.0,
      "deal_type": null,
      "scraped_at": "2026-01-04T23:10:32.728726"
    },
    {
      "store": "New World",
      "name": "Fry's Plant-Based Vegan Steak-style Strips\n\n250g",
      "brand": null,
      "price": 10.99,
      "original_price": 10.99,
      "price_per_kg": null,
      "unit_type": "ea",
      "saving": 0.0,
      "percent_off": 0.0,
      "deal_type": null,
      "scraped_at": "2026-01-04T23:10:32.858762"
    },
    {
      "store": "New World",
      "name": "Fry's Plant-Based Vegan Homestyle Chick'n Burgers\n\n320g",
      "brand": null,
      "price": 10.99,
      "original_price": 10.99,
      "price_per_kg": null,
      "unit_type": "ea",
      "saving": 0.0,
      "percent_off": 0.0,
      "deal_type": null,
      "scraped_at": "2026-01-04T23:10:32.893542"
    },
    {
      "store": "New World",
      "name": "Fry's Plant-Based Vegan Chick'n-style Strips\n\n250g",
      "brand": null,
      "price": 10.99,
      "original_price": 10.99,
      "price_per_kg": null,
      "unit_type": "ea",
      "saving": 0.0,
      "percent_off": 0.0,
      "deal_type": null,
      "scraped_at": "2026-01-04T23:10:32.929711"
    },
    {
      "store": "New World",
      "name": "Tegel Garlic & Herb Butterflied New Zealand Chicken\n\n1.35kg",
      "brand": null,
      "price": 16.49,
      "original_price": 16.49,
      "price_per_kg": null,
      "unit_type": "ea",
      "saving": 0.0,
      "percent_off": 0.0,
      "deal_type": null,
      "scraped_at": "2026-01-04T23:10:32.964529"
    },
    {
      "store": "New World",
      "name": "United Food Co Prawn Money Bags\n\n450g",
      "brand": null,
      "price": 12.99,
      "original_price": 12.99,
      "price_per_kg": null,
      "unit_type": "ea",
      "saving": 0.0,
      "percent_off": 0.0,
      "deal_type": null,
      "scraped_at": "2026-01-04T23:10:32.999424"
    },
    {
      "store": "New World",
      "name": "United Food Co Prawn Toast\n\n450g",
      "brand": null,
      "price": 12.99,
      "original_price": 12.99,
      "price_per_kg": null,
      "unit_type": "ea",
      "saving": 0.0,
      "percent_off": 0.0,
      "deal_type": null,
      "scraped_at": "2026-01-04T23:10:33.034180"
    },
    {
      "store": "New World",
      "name": "Primo Smallgoods Danish Salami\n\n200g",
      "brand": null,
      "price": 10.49,
      "original_price": 10.49,
      "price_per_kg": null,
      "unit_type": "ea",
      "saving": 0.0,
      "percent_off": 0.0,
      "deal_type": "Club Deal",
      "scraped_at": "2026-01-04T23:10:33.066749"
    },
    {
      "store": "New World",
      "name": "Primo Smallgoods Hot Sopressa Salami\n\n200g",
      "brand": null,
      "price": 10.49,
      "original_price": 10.49,
      "price_per_kg": null,
      "unit_type": "ea",
      "saving": 0.0,
      "percent_off": 0.0,
      "deal_type": "Club Deal",
      "scraped_at": "2026-01-04T23:10:33.113526"
    },
    {
      "store": "New World",
      "name": "Primo Smallgoods Pepperoni Salami\n\n200g",
      "brand": null,
      "price": 10.49,
      "original_price": 10.49,
      "price_per_kg": null,
      "unit_type": "ea",
      "saving": 0.0,
      "percent_off": 0.0,
      "deal_type": "Club Deal",
      "scraped_at": "2026-01-04T23:10:33.151261"
    },
    {
      "store": "New World",
      "name": "Merchant of Venison Venison Medallion Steaks\n\nkg",
      "brand": null,
      "price": 47.49,
      "original_price": 47.49,
      "price_per_kg": null,
      "unit_type": "ea",
      "saving": 0.0,
      "percent_off": 0.0,
      "deal_type": null,
      "scraped_at": "2026-01-04T23:10:33.192084"
    },
    {
      "store": "New World",
      "name": "Pams Value Raw Prawn Meat Pieces\n\n500g",
      "brand": null,
      "price": 10.99,
      "original_price": 10.99,
      "price_per_kg": null,
      "unit_type": "ea",
      "saving": 0.0,
      "percent_off": 0.0,
      "deal_type": null,
      "scraped_at": "2026-01-04T23:10:33.231693"
    },
    {
      "store": "New World",
      "name": "Silver Fern Farms Honest Beef Burgers With Smokey Caramelised Onion\n\n500g",
      "brand": null,
      "price": 15.25,
      "original_price": 15.25,
      "price_per_kg": null,
      "unit_type": "ea",
      "saving": 0.0,
      "percent_off": 0.0,
      "deal_type": "Club Deal",
      "scraped_at": "2026-01-04T23:10:33.269432"
    },
    {
      "store": "New World",
      "name": "Pams Shredded Roast Chicken\n\n260g",
      "brand": null,
      "price": 9.25,
      "original_price": 9.25,
      "price_per_kg": null,
      "unit_type": "ea",
      "saving": 0.0,
      "percent_off": 0.0,
      "deal_type": null,
      "scraped_at": "2026-01-04T23:10:33.309019"
    },
    {
      "store": "New World",
      "name": "Pams Sliced Cajun Chicken\n\n260g",
      "brand": null,
      "price": 9.25,
      "original_price": 9.25,
      "price_per_kg": null,
      "unit_type": "ea",
      "saving": 0.0,
      "percent_off": 0.0,
      "deal_type": null,
      "scraped_at": "2026-01-04T23:10:33.344149"
    },
    {
      "store": "New World",
      "name": "Harmless Food Co Plant Based Chicken Alternative\n\n250g",
      "brand": null,
      "price": 10.95,
      "original_price": 10.95,
      "price_per_kg": null,
      "unit_type": "ea",
      "saving": 0.0,
      "percent_off": 0.0,
      "deal_type": null,
      "scraped_at": "2026-01-04T23:10:33.379045"
    },
    {
      "store": "New World",
      "name": "On The Menu Pub Faves Roast Beef\n\n320g",
      "brand": null,
      "price": 8.99,
      "original_price": 8.99,
      "price_per_kg": null,
      "unit_type": "ea",
      "saving": 0.0,
      "percent_off": 0.0,
      "deal_type": null,
      "scraped_at": "2026-01-04T23:10:33.577977"
    },
    {
      "store": "New World",
      "name": "Hellers Craft Shredded Kentucky Chicken\n\n250g",
      "brand": null,
      "price": 11.85,
      "original_price": 11.85,
      "price_per_kg": null,
      "unit_type": "ea",
      "saving": 0.0,
      "percent_off": 0.0,
      "deal_type": null,
      "scraped_at": "2026-01-04T23:10:33.612726"
    },
    {
      "store": "New World",
      "name": "Harris Farms Lamb Mince\n\n450g",
      "brand": null,
      "price": 11.75,
      "original_price": 11.75,
      "price_per_kg": null,
      "unit_type": "ea",
      "saving": 0.0,
      "percent_off": 0.0,
      "deal_type": null,
      "scraped_at": "2026-01-04T23:10:33.647360"
    },
    {
      "store": "New World",
      "name": "First Light Wagyu Beef Brisket Manuka Smoked BBQ Wagyu Beef Brisket\n\n350g",
      "brand": null,
      "price": 19.25,
      "original_price": 19.25,
      "price_per_kg": null,
      "unit_type": "ea",
      "saving": 0.0,
      "percent_off": 0.0,
      "deal_type": null,
      "scraped_at": "2026-01-04T23:10:33.682155"
    },
    {
      "store": "New World",
      "name": "Brink's Smoked Boneless Chicken Breast\n\n1kg",
      "brand": null,
      "price": 26.49,
      "original_price": 26.49,
      "price_per_kg": null,
      "unit_type": "ea",
      "saving": 0.0,
      "percent_off": 0.0,
      "deal_type": null,
      "scraped_at": "2026-01-04T23:10:33.718296"
    },
    {
      "store": "New World",
      "name": "Southern Ocean New Zealand King Salmon Pieces\n\n150g",
      "brand": null,
      "price": 13.49,
      "original_price": 13.49,
      "price_per_kg": null,
      "unit_type": "ea",
      "saving": 0.0,
      "percent_off": 0.0,
      "deal_type": null,
      "scraped_at": "2026-01-04T23:10:33.752790"
    },
    {
      "store": "PAK'nSAVE",
      "name": "Prime Beef Mince\n\nkg",
      "brand": null,
      "price": 19.99,
      "original_price": 19.99,
      "price_per_kg": 19.99,
      "unit_type": "kg",
      "saving": 0.0,
      "percent_off": 0.0,
      "deal_type": "EXTRA",
      "scraped_at": "2026-01-04T23:11:02.178910"
    },
    {
      "store": "PAK'nSAVE",
      "name": "NZ Chicken Drumsticks\n\nkg",
      "brand": null,
      "price": 6.79,
      "original_price": 6.79,
      "price_per_kg": 6.79,
      "unit_type": "kg",
      "saving": 0.0,
      "percent_off": 0.0,
      "deal_type": null,
      "scraped_at": "2026-01-04T23:11:02.218995"
    },
    {
      "store": "PAK'nSAVE",
      "name": "NZ Premium Beef Mince\n\nkg",
      "brand": null,
      "price": 20.79,
      "original_price": 20.79,
      "price_per_kg": 20.79,
      "unit_type": "kg",
      "saving": 0.0,
      "percent_off": 0.0,
      "deal_type": "EXTRA",
      "scraped_at": "2026-01-04T23:11:02.252657"
    },
    {
      "store": "PAK'nSAVE",
      "name": "Beef Rump Steak\n\nkg",
      "brand": null,
      "price": 26.79,
      "original_price": 26.79,
      "price_per_kg": 26.79,
      "unit_type": "kg",
      "saving": 0.0,
      "percent_off": 0.0,
      "deal_type": "EXTRA",
      "scraped_at": "2026-01-04T23:11:02.290456"
    },
    {
      "store": "PAK'nSAVE",
      "name": "Pork Leg\n\nkg",
      "brand": null,
      "price": 11.99,
      "original_price": 11.99,
      "price_per_kg": 11.99,
      "unit_type": "kg",
      "saving": 0.0,
      "percent_off": 0.0,
      "deal_type": null,
      "scraped_at": "2026-01-04T23:11:02.329701"
    },
    {
      "store": "PAK'nSAVE",
      "name": "NZ Pork Shoulder Roast\n\nkg",
      "brand": null,
      "price": 10.99,
      "original_price": 10.99,
      "price_per_kg": 10.99,
      "unit_type": "kg",
      "saving": 0.0,
      "percent_off": 0.0,
      "deal_type": null,
      "scraped_at": "2026-01-04T23:11:02.361734"
    },
    {
      "store": "PAK'nSAVE",
      "name": "Chicken Nibbles\n\nkg",
      "brand": null,
      "price": 12.29,
      "original_price": 12.29,
      "price_per_kg": 12.29,
      "unit_type": "kg",
      "saving": 0.0,
      "percent_off": 0.0,
      "deal_type": null,
      "scraped_at": "2026-01-04T23:11:02.432023"
    },
    {
      "store": "PAK'nSAVE",
      "name": "NZ Pork Loin Chops\n\nkg",
      "brand": null,
      "price": 16.99,
      "original_price": 16.99,
      "price_per_kg": 16.99,
      "unit_type": "kg",
      "saving": 0.0,
      "percent_off": 0.0,
      "deal_type": null,
      "scraped_at": "2026-01-04T23:11:02.463939"
    },
    {
      "store": "PAK'nSAVE",
      "name": "Lamb Shoulder Chops\n\nkg",
      "brand": null,
      "price": 18.99,
      "original_price": 18.99,
      "price_per_kg": 18.99,
      "unit_type": "kg",
      "saving": 0.0,
      "percent_off": 0.0,
      "deal_type": null,
      "scraped_at": "2026-01-04T23:11:02.495213"
    },
    {
      "store": "PAK'nSAVE",
      "name": "Pams Streaky Bacon\n\n250g",
      "brand": null,
      "price": 5.99,
      "original_price": 5.99,
      "price_per_kg": 23.96,
      "unit_type": "ea",
      "saving": 0.0,
      "percent_off": 0.0,
      "deal_type": "EVERYDAY",
      "scraped_at": "2026-01-04T23:11:02.527965"
    },
    {
      "store": "PAK'nSAVE",
      "name": "NZ Beef Porterhouse Steak\n\nkg",
      "brand": null,
      "price": 40.49,
      "original_price": 40.49,
      "price_per_kg": 40.49,
      "unit_type": "kg",
      "saving": 0.0,
      "percent_off": 0.0,
      "deal_type": null,
      "scraped_at": "2026-01-04T23:11:02.568195"
    },
    {
      "store": "PAK'nSAVE",
      "name": "NZ Pork Mince\n\nkg",
      "brand": null,
      "price": 17.99,
      "original_price": 17.99,
      "price_per_kg": 17.99,
      "unit_type": "kg",
      "saving": 0.0,
      "percent_off": 0.0,
      "deal_type": null,
      "scraped_at": "2026-01-04T23:11:02.599399"
    },
    {
      "store": "PAK'nSAVE",
      "name": "Beef Scotch Fillet Steak\n\nkg",
      "brand": null,
      "price": 47.49,
      "original_price": 47.49,
      "price_per_kg": 47.49,
      "unit_type": "kg",
      "saving": 0.0,
      "percent_off": 0.0,
      "deal_type": null,
      "scraped_at": "2026-01-04T23:11:02.666976"
    },
    {
      "store": "PAK'nSAVE",
      "name": "Skinless Chicken Breast Fillets\n\nkg",
      "brand": null,
      "price": 15.29,
      "original_price": 15.29,
      "price_per_kg": 15.29,
      "unit_type": "kg",
      "saving": 0.0,
      "percent_off": 0.0,
      "deal_type": null,
      "scraped_at": "2026-01-04T23:11:02.697777"
    },
    {
      "store": "PAK'nSAVE",
      "name": "Chicken Drumsticks\n\nkg",
      "brand": null,
      "price": 6.79,
      "original_price": 6.79,
      "price_per_kg": 6.79,
      "unit_type": "kg",
      "saving": 0.0,
      "percent_off": 0.0,
      "deal_type": null,
      "scraped_at": "2026-01-04T23:11:02.765110"
    },
    {
      "store": "PAK'nSAVE",
      "name": "Beehive Shaved Champagne Ham\n\n200g",
      "brand": null,
      "price": 6.49,
      "original_price": 6.49,
      "price_per_kg": 32.45,
      "unit_type": "ea",
      "saving": 0.0,
      "percent_off": 0.0,
      "deal_type": "EXTRA",
      "scraped_at": "2026-01-04T23:11:02.797473"
    },
    {
      "store": "PAK'nSAVE",
      "name": "Beehive Streaky Bacon\n\n800g",
      "brand": null,
      "price": 16.79,
      "original_price": 16.79,
      "price_per_kg": 20.99,
      "unit_type": "ea",
      "saving": 0.0,
      "percent_off": 0.0,
      "deal_type": "EXTRA",
      "scraped_at": "2026-01-04T23:11:02.834788"
    },
    {
      "store": "PAK'nSAVE",
      "name": "Ingham's Garlic & Herb Butterfly Chicken\n\n1.1kg",
      "brand": null,
      "price": 11.49,
      "original_price": 11.49,
      "price_per_kg": 10.45,
      "unit_type": "ea",
      "saving": 0.0,
      "percent_off": 0.0,
      "deal_type": "EXTRA",
      "scraped_at": "2026-01-04T23:11:02.907914"
    },
    {
      "store": "PAK'nSAVE",
      "name": "Pork Bones\n\nkg",
      "brand": null,
      "price": 9.99,
      "original_price": 9.99,
      "price_per_kg": 9.99,
      "unit_type": "kg",
      "saving": 0.0,
      "percent_off": 0.0,
      "deal_type": null,
      "scraped_at": "2026-01-04T23:11:02.938311"
    },
    {
      "store": "PAK'nSAVE",
      "name": "NZ Beef Schnitzel\n\nkg",
      "brand": null,
      "price": 25.49,
      "original_price": 25.49,
      "price_per_kg": 25.49,
      "unit_type": "kg",
      "saving": 0.0,
      "percent_off": 0.0,
      "deal_type": null,
      "scraped_at": "2026-01-04T23:11:03.001134"
    },
    {
      "store": "PAK'nSAVE",
      "name": "Hellers Manuka Smoked Streaky Bacon\n\n1kg",
      "brand": null,
      "price": 17.99,
      "original_price": 17.99,
      "price_per_kg": 17.99,
      "unit_type": "ea",
      "saving": 0.0,
      "percent_off": 0.0,
      "deal_type": "EXTRA",
      "scraped_at": "2026-01-04T23:11:03.048749"
    },
    {
      "store": "PAK'nSAVE",
      "name": "Pieter's Dutch Salami\n\n250g",
      "brand": null,
      "price": 5.79,
      "original_price": 5.79,
      "price_per_kg": 23.16,
      "unit_type": "ea",
      "saving": 0.0,
      "percent_off": 0.0,
      "deal_type": "EXTRA",
      "scraped_at": "2026-01-04T23:11:03.086332"
    },
    {
      "store": "PAK'nSAVE",
      "name": "Sizzlers Double Cheese\n\n450g",
      "brand": null,
      "price": 6.49,
      "original_price": 6.49,
      "price_per_kg": 14.42,
      "unit_type": "ea",
      "saving": 0.0,
      "percent_off": 0.0,
      "deal_type": null,
      "scraped_at": "2026-01-04T23:11:03.116915"
    },
    {
      "store": "PAK'nSAVE",
      "name": "Hellers Trusty BBQ Pre-Cooked Sausages\n\n1kg",
      "brand": null,
      "price": 10.49,
      "original_price": 10.49,
      "price_per_kg": 10.49,
      "unit_type": "ea",
      "saving": 0.0,
      "percent_off": 0.0,
      "deal_type": "EXTRA",
      "scraped_at": "2026-01-04T23:11:03.144211"
    },
    {
      "store": "PAK'nSAVE",
      "name": "Hellers Shaved Manuka Smoked Ham\n\n200g",
      "brand": null,
      "price": 5.49,
      "original_price": 5.49,
      "price_per_kg": 27.45,
      "unit_type": "ea",
      "saving": 0.0,
      "percent_off": 0.0,
      "deal_type": "EXTRA",
      "scraped_at": "2026-01-04T23:11:03.216384"
    },
    {
      "store": "PAK'nSAVE",
      "name": "Hellers Chunky Cheese Sausages\n\n1kg",
      "brand": null,
      "price": 13.19,
      "original_price": 13.19,
      "price_per_kg": 13.19,
      "unit_type": "ea",
      "saving": 0.0,
      "percent_off": 0.0,
      "deal_type": null,
      "scraped_at": "2026-01-04T23:11:03.380384"
    },
    {
      "store": "PAK'nSAVE",
      "name": "Beehive Streaky Bacon\n\n250g",
      "brand": null,
      "price": 7.29,
      "original_price": 7.29,
      "price_per_kg": 29.16,
      "unit_type": "ea",
      "saving": 0.0,
      "percent_off": 0.0,
      "deal_type": "EXTRA",
      "scraped_at": "2026-01-04T23:11:03.407460"
    },
    {
      "store": "PAK'nSAVE",
      "name": "Pieter's Pepperoni Salami\n\n250g",
      "brand": null,
      "price": 5.79,
      "original_price": 5.79,
      "price_per_kg": 23.16,
      "unit_type": "ea",
      "saving": 0.0,
      "percent_off": 0.0,
      "deal_type": "EXTRA",
      "scraped_at": "2026-01-04T23:11:03.473902"
    },
    {
      "store": "PAK'nSAVE",
      "name": "Hellers Chinese Honey Sausages\n\n1kg",
      "brand": null,
      "price": 13.19,
      "original_price": 13.19,
      "price_per_kg": 13.19,
      "unit_type": "ea",
      "saving": 0.0,
      "percent_off": 0.0,
      "deal_type": null,
      "scraped_at": "2026-01-04T23:11:03.504522"
    },
    {
      "store": "PAK'nSAVE",
      "name": "Pieter's Danish Salami\n\n250g",
      "brand": null,
      "price": 5.79,
      "original_price": 5.79,
      "price_per_kg": 23.16,
      "unit_type": "ea",
      "saving": 0.0,
      "percent_off": 0.0,
      "deal_type": "EXTRA",
      "scraped_at": "2026-01-04T23:11:03.531309"
    },
    {
      "store": "PAK'nSAVE",
      "name": "Boneless Chicken Thigh Fillets\n\nkg",
      "brand": null,
      "price": 23.29,
      "original_price": 23.29,
      "price_per_kg": 23.29,
      "unit_type": "kg",
      "saving": 0.0,
      "percent_off": 0.0,
      "deal_type": null,
      "scraped_at": "2026-01-04T23:11:03.561589"
    },
    {
      "store": "PAK'nSAVE",
      "name": "Beehive Shaved Honey Baked Ham\n\n2 x 100g",
      "brand": null,
      "price": 6.49,
      "original_price": 6.49,
      "price_per_kg": 32.45,
      "unit_type": "ea",
      "saving": 0.0,
      "percent_off": 0.0,
      "deal_type": "EXTRA",
      "scraped_at": "2026-01-04T23:11:03.593119"
    },
    {
      "store": "PAK'nSAVE",
      "name": "Hellers Manuka Smoked Streaky Bacon\n\n250g",
      "brand": null,
      "price": 5.99,
      "original_price": 5.99,
      "price_per_kg": 23.96,
      "unit_type": "ea",
      "saving": 0.0,
      "percent_off": 0.0,
      "deal_type": "EXTRA",
      "scraped_at": "2026-01-04T23:11:03.629786"
    },
    {
      "store": "PAK'nSAVE",
      "name": "NZ Chicken Necks\n\nkg",
      "brand": null,
      "price": 7.99,
      "original_price": 7.99,
      "price_per_kg": 7.99,
      "unit_type": "kg",
      "saving": 0.0,
      "percent_off": 0.0,
      "deal_type": null,
      "scraped_at": "2026-01-04T23:11:03.664479"
    },
    {
      "store": "PAK'nSAVE",
      "name": "Pieter's Italian Salami\n\n250g",
      "brand": null,
      "price": 5.79,
      "original_price": 5.79,
      "price_per_kg": 23.16,
      "unit_type": "ea",
      "saving": 0.0,
      "percent_off": 0.0,
      "deal_type": "EXTRA",
      "scraped_at": "2026-01-04T23:11:03.696197"
    },
    {
      "store": "PAK'nSAVE",
      "name": "Hellers Cocktail Saveloys\n\nkg",
      "brand": null,
      "price": 13.99,
      "original_price": 13.99,
      "price_per_kg": 13.99,
      "unit_type": "kg",
      "saving": 0.0,
      "percent_off": 0.0,
      "deal_type": null,
      "scraped_at": "2026-01-04T23:11:03.726358"
    },
    {
      "store": "PAK'nSAVE",
      "name": "Wilson Hellaby Corned Silverside\n\nkg",
      "brand": null,
      "price": 18.99,
      "original_price": 18.99,
      "price_per_kg": 18.99,
      "unit_type": "kg",
      "saving": 0.0,
      "percent_off": 0.0,
      "deal_type": null,
      "scraped_at": "2026-01-04T23:11:03.757318"
    },
    {
      "store": "PAK'nSAVE",
      "name": "Lamb Loin Chops\n\nkg",
      "brand": null,
      "price": 27.99,
      "original_price": 27.99,
      "price_per_kg": 27.99,
      "unit_type": "kg",
      "saving": 0.0,
      "percent_off": 0.0,
      "deal_type": null,
      "scraped_at": "2026-01-04T23:11:03.814816"
    },
    {
      "store": "PAK'nSAVE",
      "name": "Hellers Manuka Smoked Streaky Bacon\n\n800g",
      "brand": null,
      "price": 19.99,
      "original_price": 19.99,
      "price_per_kg": 15.99,
      "unit_type": "ea",
      "saving": 0.0,
      "percent_off": 0.0,
      "deal_type": "EXTRA",
      "scraped_at": "2026-01-04T23:11:20.444373"
    },
    {
      "store": "PAK'nSAVE",
      "name": "Chicken Frames\n\nkg",
      "brand": null,
      "price": 7.29,
      "original_price": 7.29,
      "price_per_kg": 7.29,
      "unit_type": "kg",
      "saving": 0.0,
      "percent_off": 0.0,
      "deal_type": null,
      "scraped_at": "2026-01-04T23:11:20.483139"
    },
    {
      "store": "PAK'nSAVE",
      "name": "Pams Streaky Bacon\n\n500g",
      "brand": null,
      "price": 11.79,
      "original_price": 11.79,
      "price_per_kg": 23.58,
      "unit_type": "ea",
      "saving": 0.0,
      "percent_off": 0.0,
      "deal_type": null,
      "scraped_at": "2026-01-04T23:11:20.514274"
    },
    {
      "store": "PAK'nSAVE",
      "name": "Hellers Shaved Champagne Ham\n\n200g",
      "brand": null,
      "price": 5.49,
      "original_price": 5.49,
      "price_per_kg": 27.45,
      "unit_type": "ea",
      "saving": 0.0,
      "percent_off": 0.0,
      "deal_type": "EXTRA",
      "scraped_at": "2026-01-04T23:11:20.546441"
    },
    {
      "store": "PAK'nSAVE",
      "name": "Harris Farms Prime Beef Mince\n\n500g",
      "brand": null,
      "price": 11.49,
      "original_price": 11.49,
      "price_per_kg": 22.98,
      "unit_type": "ea",
      "saving": 0.0,
      "percent_off": 0.0,
      "deal_type": null,
      "scraped_at": "2026-01-04T23:11:20.581613"
    },
    {
      "store": "PAK'nSAVE",
      "name": "Waitoa Manuka Honey & Rosemary Chicken\n\n1.1kg",
      "brand": null,
      "price": 14.99,
      "original_price": 14.99,
      "price_per_kg": 13.63,
      "unit_type": "ea",
      "saving": 0.0,
      "percent_off": 0.0,
      "deal_type": null,
      "scraped_at": "2026-01-04T23:11:20.613125"
    },
    {
      "store": "PAK'nSAVE",
      "name": "Crumbed Beef Schnitzel\n\nkg",
      "brand": null,
      "price": 25.49,
      "original_price": 25.49,
      "price_per_kg": 25.49,
      "unit_type": "kg",
      "saving": 0.0,
      "percent_off": 0.0,
      "deal_type": null,
      "scraped_at": "2026-01-04T23:11:20.648636"
    },
    {
      "store": "PAK'nSAVE",
      "name": "Chicken Nibbles\n\nkg",
      "brand": null,
      "price": 12.29,
      "original_price": 12.29,
      "price_per_kg": 12.29,
      "unit_type": "kg",
      "saving": 0.0,
      "percent_off": 0.0,
      "deal_type": null,
      "scraped_at": "2026-01-04T23:11:20.674819"
    },
    {
      "store": "PAK'nSAVE",
      "name": "NZ Pork Shoulder Chops\n\nkg",
      "brand": null,
      "price": 14.49,
      "original_price": 14.49,
      "price_per_kg": 14.49,
      "unit_type": "kg",
      "saving": 0.0,
      "percent_off": 0.0,
      "deal_type": null,
      "scraped_at": "2026-01-04T23:11:20.704982"
    },
    {
      "store": "PAK'nSAVE",
      "name": "Hellers Manuka Smoked Rasher Bacon\n\n800g",
      "brand": null,
      "price": 13.99,
      "original_price": 13.99,
      "price_per_kg": 17.49,
      "unit_type": "ea",
      "saving": 0.0,
      "percent_off": 0.0,
      "deal_type": "EXTRA",
      "scraped_at": "2026-01-04T23:11:20.767731"
    },
    {
      "store": "PAK'nSAVE",
      "name": "Beehive Mini Cheese Kransky Sausages\n\n800g",
      "brand": null,
      "price": 13.85,
      "original_price": 13.85,
      "price_per_kg": 17.31,
      "unit_type": "ea",
      "saving": 0.0,
      "percent_off": 0.0,
      "deal_type": null,
      "scraped_at": "2026-01-04T23:11:20.802440"
    },
    {
      "store": "PAK'nSAVE",
      "name": "Ingham's Butterfly Chicken Tandoori\n\n1.1kg",
      "brand": null,
      "price": 11.49,
      "original_price": 11.49,
      "price_per_kg": 10.45,
      "unit_type": "ea",
      "saving": 0.0,
      "percent_off": 0.0,
      "deal_type": "EXTRA",
      "scraped_at": "2026-01-04T23:11:20.829160"
    },
    {
      "store": "PAK'nSAVE",
      "name": "Pieter's Spanish Chorizo Salami\n\n250g",
      "brand": null,
      "price": 5.79,
      "original_price": 5.79,
      "price_per_kg": 23.16,
      "unit_type": "ea",
      "saving": 0.0,
      "percent_off": 0.0,
      "deal_type": "EXTRA",
      "scraped_at": "2026-01-04T23:11:20.865188"
    },
    {
      "store": "PAK'nSAVE",
      "name": "Pork Hock\n\n1pk",
      "brand": null,
      "price": 9.99,
      "original_price": 9.99,
      "price_per_kg": null,
      "unit_type": "ea",
      "saving": 0.0,
      "percent_off": 0.0,
      "deal_type": null,
      "scraped_at": "2026-01-04T23:11:20.895384"
    },
    {
      "store": "PAK'nSAVE",
      "name": "Pams Shoulder Bacon\n\n400g",
      "brand": null,
      "price": 6.29,
      "original_price": 6.29,
      "price_per_kg": 15.73,
      "unit_type": "ea",
      "saving": 0.0,
      "percent_off": 0.0,
      "deal_type": "EVERYDAY",
      "scraped_at": "2026-01-04T23:11:20.930477"
    },
    {
      "store": "PAK'nSAVE",
      "name": "NZ Fresh Bone-In Pork Belly\n\nkg",
      "brand": null,
      "price": 23.89,
      "original_price": 23.89,
      "price_per_kg": 23.89,
      "unit_type": "kg",
      "saving": 0.0,
      "percent_off": 0.0,
      "deal_type": null,
      "scraped_at": "2026-01-04T23:11:20.964850"
    },
    {
      "store": "PAK'nSAVE",
      "name": "Hellers London Pride Sausages\n\n6pk",
      "brand": null,
      "price": 10.29,
      "original_price": 10.29,
      "price_per_kg": null,
      "unit_type": "ea",
      "saving": 0.0,
      "percent_off": 0.0,
      "deal_type": null,
      "scraped_at": "2026-01-04T23:11:20.994941"
    },
    {
      "store": "PAK'nSAVE",
      "name": "Hellers Cheese & Bacon Sausages\n\n1kg",
      "brand": null,
      "price": 13.19,
      "original_price": 13.19,
      "price_per_kg": 13.19,
      "unit_type": "ea",
      "saving": 0.0,
      "percent_off": 0.0,
      "deal_type": null,
      "scraped_at": "2026-01-04T23:11:21.026711"
    },
    {
      "store": "PAK'nSAVE",
      "name": "Hellers Classic Family Cheerios\n\n1kg",
      "brand": null,
      "price": 10.99,
      "original_price": 10.99,
      "price_per_kg": 10.99,
      "unit_type": "ea",
      "saving": 0.0,
      "percent_off": 0.0,
      "deal_type": "EXTRA",
      "scraped_at": "2026-01-04T23:11:21.101423"
    },
    {
      "store": "PAK'nSAVE",
      "name": "Hellers New Yorker Porker Sausages\n\n6pk",
      "brand": null,
      "price": 10.29,
      "original_price": 10.29,
      "price_per_kg": null,
      "unit_type": "ea",
      "saving": 0.0,
      "percent_off": 0.0,
      "deal_type": null,
      "scraped_at": "2026-01-04T23:11:21.223180"
    },
    {
      "store": "PAK'nSAVE",
      "name": "Hellers Gluten Free Original Sausages\n\n1kg",
      "brand": null,
      "price": 13.19,
      "original_price": 13.19,
      "price_per_kg": 13.19,
      "unit_type": "ea",
      "saving": 0.0,
      "percent_off": 0.0,
      "deal_type": null,
      "scraped_at": "2026-01-04T23:11:21.248702"
    },
    {
      "store": "PAK'nSAVE",
      "name": "Hellers Craft Angus Beef Sausages\n\n6pk",
      "brand": null,
      "price": 9.49,
      "original_price": 9.49,
      "price_per_kg": null,
      "unit_type": "ea",
      "saving": 0.0,
      "percent_off": 0.0,
      "deal_type": "EXTRA",
      "scraped_at": "2026-01-04T23:11:21.311537"
    },
    {
      "store": "PAK'nSAVE",
      "name": "Hellers Manuka Smoked Bacon Pieces\n\n500g",
      "brand": null,
      "price": 6.99,
      "original_price": 6.99,
      "price_per_kg": 13.98,
      "unit_type": "ea",
      "saving": 0.0,
      "percent_off": 0.0,
      "deal_type": null,
      "scraped_at": "2026-01-04T23:11:21.341487"
    },
    {
      "store": "PAK'nSAVE",
      "name": "NZ Beef Bolar Roast\n\nkg",
      "brand": null,
      "price": 27.99,
      "original_price": 27.99,
      "price_per_kg": 27.99,
      "unit_type": "kg",
      "saving": 0.0,
      "percent_off": 0.0,
      "deal_type": null,
      "scraped_at": "2026-01-04T23:11:21.371882"
    },
    {
      "store": "PAK'nSAVE",
      "name": "Hellers Genuine Pork Sausages\n\n6pk",
      "brand": null,
      "price": 10.29,
      "original_price": 10.29,
      "price_per_kg": null,
      "unit_type": "ea",
      "saving": 0.0,
      "percent_off": 0.0,
      "deal_type": null,
      "scraped_at": "2026-01-04T23:11:21.401776"
    },
    {
      "store": "PAK'nSAVE",
      "name": "Pams Middle Bacon\n\n350g",
      "brand": null,
      "price": 6.29,
      "original_price": 6.29,
      "price_per_kg": 17.97,
      "unit_type": "ea",
      "saving": 0.0,
      "percent_off": 0.0,
      "deal_type": "EVERYDAY",
      "scraped_at": "2026-01-04T23:11:21.428698"
    },
    {
      "store": "PAK'nSAVE",
      "name": "Ingham Sweet & Smokey BBQ Butterfly Chicken\n\n1.1kg",
      "brand": null,
      "price": 11.49,
      "original_price": 11.49,
      "price_per_kg": 10.45,
      "unit_type": "ea",
      "saving": 0.0,
      "percent_off": 0.0,
      "deal_type": "EXTRA",
      "scraped_at": "2026-01-04T23:11:21.465673"
    },
    {
      "store": "PAK'nSAVE",
      "name": "Tegel Free Range Meal Maker Shredded Roast Chicken\n\n260g",
      "brand": null,
      "price": 11.79,
      "original_price": 11.79,
      "price_per_kg": 45.35,
      "unit_type": "ea",
      "saving": 0.0,
      "percent_off": 0.0,
      "deal_type": null,
      "scraped_at": "2026-01-04T23:11:21.500087"
    },
    {
      "store": "PAK'nSAVE",
      "name": "Value Pre-Cooked Sausages\n\n35pk",
      "brand": null,
      "price": 19.49,
      "original_price": 19.49,
      "price_per_kg": null,
      "unit_type": "ea",
      "saving": 0.0,
      "percent_off": 0.0,
      "deal_type": null,
      "scraped_at": "2026-01-04T23:11:21.525684"
    },
    {
      "store": "PAK'nSAVE",
      "name": "Lamb Steak\n\nkg",
      "brand": null,
      "price": 34.99,
      "original_price": 34.99,
      "price_per_kg": 34.99,
      "unit_type": "kg",
      "saving": 0.0,
      "percent_off": 0.0,
      "deal_type": null,
      "scraped_at": "2026-01-04T23:11:21.551286"
    },
    {
      "store": "PAK'nSAVE",
      "name": "Hellers Crafty Cooks Bacon Strips\n\n200g",
      "brand": null,
      "price": 5.49,
      "original_price": 5.49,
      "price_per_kg": 27.45,
      "unit_type": "ea",
      "saving": 0.0,
      "percent_off": 0.0,
      "deal_type": "EXTRA",
      "scraped_at": "2026-01-04T23:11:21.582570"
    },
    {
      "store": "PAK'nSAVE",
      "name": "Tegel Herb Crumbed Chicken Schnitzel\n\nkg",
      "brand": null,
      "price": 21.99,
      "original_price": 21.99,
      "price_per_kg": 21.99,
      "unit_type": "kg",
      "saving": 0.0,
      "percent_off": 0.0,
      "deal_type": null,
      "scraped_at": "2026-01-04T23:11:21.617090"
    },
    {
      "store": "PAK'nSAVE",
      "name": "Hellers Sliced Ham & Chicken\n\nkg",
      "brand": null,
      "price": 14.99,
      "original_price": 14.99,
      "price_per_kg": 14.99,
      "unit_type": "kg",
      "saving": 0.0,
      "percent_off": 0.0,
      "deal_type": null,
      "scraped_at": "2026-01-04T23:11:21.642874"
    },
    {
      "store": "PAK'nSAVE",
      "name": "Harris Farms Old English Beef Sausages MAP\n\n480g",
      "brand": null,
      "price": 9.99,
      "original_price": 9.99,
      "price_per_kg": 20.81,
      "unit_type": "ea",
      "saving": 0.0,
      "percent_off": 0.0,
      "deal_type": null,
      "scraped_at": "2026-01-04T23:11:21.668452"
    },
    {
      "store": "PAK'nSAVE",
      "name": "Picanha Beef Rump Roast\n\nkg",
      "brand": null,
      "price": 33.99,
      "original_price": 33.99,
      "price_per_kg": 33.99,
      "unit_type": "kg",
      "saving": 0.0,
      "percent_off": 0.0,
      "deal_type": null,
      "scraped_at": "2026-01-04T23:11:21.698828"
    },
    {
      "store": "PAK'nSAVE",
      "name": "Beehive Cocktails\n\n1kg",
      "brand": null,
      "price": 13.85,
      "original_price": 13.85,
      "price_per_kg": 13.85,
      "unit_type": "ea",
      "saving": 0.0,
      "percent_off": 0.0,
      "deal_type": null,
      "scraped_at": "2026-01-04T23:11:21.730624"
    },
    {
      "store": "PAK'nSAVE",
      "name": "Boneless Pork Belly\n\nkg",
      "brand": null,
      "price": 26.99,
      "original_price": 26.99,
      "price_per_kg": 26.99,
      "unit_type": "kg",
      "saving": 0.0,
      "percent_off": 0.0,
      "deal_type": null,
      "scraped_at": "2026-01-04T23:11:21.756502"
    },
    {
      "store": "PAK'nSAVE",
      "name": "Hellers Craft Old Fashioned Beef Sausages\n\n6pk",
      "brand": null,
      "price": 9.49,
      "original_price": 9.49,
      "price_per_kg": null,
      "unit_type": "ea",
      "saving": 0.0,
      "percent_off": 0.0,
      "deal_type": "EXTRA",
      "scraped_at": "2026-01-04T23:11:21.787457"
    },
    {
      "store": "PAK'nSAVE",
      "name": "NZ Beef Chuck Steak\n\nkg",
      "brand": null,
      "price": 31.59,
      "original_price": 31.59,
      "price_per_kg": 31.59,
      "unit_type": "kg",
      "saving": 0.0,
      "percent_off": 0.0,
      "deal_type": null,
      "scraped_at": "2026-01-04T23:11:21.817468"
    },
    {
      "store": "PAK'nSAVE",
      "name": "Hellers Craft Shredded Roast Chicken\n\n300g",
      "brand": null,
      "price": 9.99,
      "original_price": 9.99,
      "price_per_kg": 33.3,
      "unit_type": "ea",
      "saving": 0.0,
      "percent_off": 0.0,
      "deal_type": "EXTRA",
      "scraped_at": "2026-01-04T23:11:21.849052"
    },
    {
      "store": "PAK'nSAVE",
      "name": "NZ Stir Fry Beef\n\nkg",
      "brand": null,
      "price": 29.89,
      "original_price": 29.89,
      "price_per_kg": 29.89,
      "unit_type": "kg",
      "saving": 0.0,
      "percent_off": 0.0,
      "deal_type": null,
      "scraped_at": "2026-01-04T23:11:21.879282"
    },
    {
      "store": "PAK'nSAVE",
      "name": "Sizzlers Cheese\n\n450g",
      "brand": null,
      "price": 6.49,
      "original_price": 6.49,
      "price_per_kg": 14.42,
      "unit_type": "ea",
      "saving": 0.0,
      "percent_off": 0.0,
      "deal_type": null,
      "scraped_at": "2026-01-04T23:11:21.909437"
    },
    {
      "store": "PAK'nSAVE",
      "name": "Pams Streaky Bacon\n\n1kg",
      "brand": null,
      "price": 22.99,
      "original_price": 22.99,
      "price_per_kg": 22.99,
      "unit_type": "ea",
      "saving": 0.0,
      "percent_off": 0.0,
      "deal_type": null,
      "scraped_at": "2026-01-04T23:11:21.935259"
    },
    {
      "store": "PAK'nSAVE",
      "name": "Tegel Free Range Meal Maker Sliced Roast Chicken\n\n260g",
      "brand": null,
      "price": 11.79,
      "original_price": 11.79,
      "price_per_kg": 45.35,
      "unit_type": "ea",
      "saving": 0.0,
      "percent_off": 0.0,
      "deal_type": null,
      "scraped_at": "2026-01-04T23:11:21.965149"
    },
    {
      "store": "PAK'nSAVE",
      "name": "Hellers Shaved Roast Chicken\n\n200g",
      "brand": null,
      "price": 5.49,
      "original_price": 5.49,
      "price_per_kg": 27.45,
      "unit_type": "ea",
      "saving": 0.0,
      "percent_off": 0.0,
      "deal_type": "EXTRA",
      "scraped_at": "2026-01-04T23:11:39.636872"
    },
    {
      "store": "PAK'nSAVE",
      "name": "Hellers Saveloys\n\nkg",
      "brand": null,
      "price": 13.99,
      "original_price": 13.99,
      "price_per_kg": 13.99,
      "unit_type": "kg",
      "saving": 0.0,
      "percent_off": 0.0,
      "deal_type": null,
      "scraped_at": "2026-01-04T23:11:39.672017"
    },
    {
      "store": "PAK'nSAVE",
      "name": "Hellers Family Franks\n\n1kg",
      "brand": null,
      "price": 10.99,
      "original_price": 10.99,
      "price_per_kg": 10.99,
      "unit_type": "ea",
      "saving": 0.0,
      "percent_off": 0.0,
      "deal_type": "EXTRA",
      "scraped_at": "2026-01-04T23:11:39.699614"
    },
    {
      "store": "PAK'nSAVE",
      "name": "Hellers Trusty BBQ Pre-Cooked Sausages\n\n2kg",
      "brand": null,
      "price": 22.49,
      "original_price": 22.49,
      "price_per_kg": 11.25,
      "unit_type": "ea",
      "saving": 0.0,
      "percent_off": 0.0,
      "deal_type": null,
      "scraped_at": "2026-01-04T23:11:39.729899"
    },
    {
      "store": "PAK'nSAVE",
      "name": "Verkerks Frankfurters\n\n300g",
      "brand": null,
      "price": 5.79,
      "original_price": 5.79,
      "price_per_kg": 19.3,
      "unit_type": "ea",
      "saving": 0.0,
      "percent_off": 0.0,
      "deal_type": "EXTRA",
      "scraped_at": "2026-01-04T23:11:39.757188"
    },
    {
      "store": "PAK'nSAVE",
      "name": "Aoraki Smokehouse Original Artisan Cold Smoked Salmon Slices\n\n100g",
      "brand": null,
      "price": 13.99,
      "original_price": 13.99,
      "price_per_kg": 139.9,
      "unit_type": "ea",
      "saving": 0.0,
      "percent_off": 0.0,
      "deal_type": null,
      "scraped_at": "2026-01-04T23:11:39.788008"
    },
    {
      "store": "PAK'nSAVE",
      "name": "Waitoa Whole Chicken with Garden Herbs Stuffing\n\n1.5kg",
      "brand": null,
      "price": 19.29,
      "original_price": 19.29,
      "price_per_kg": 12.86,
      "unit_type": "ea",
      "saving": 0.0,
      "percent_off": 0.0,
      "deal_type": null,
      "scraped_at": "2026-01-04T23:11:39.813779"
    },
    {
      "store": "PAK'nSAVE",
      "name": "NZ Chicken Livers\n\nkg",
      "brand": null,
      "price": 21.99,
      "original_price": 21.99,
      "price_per_kg": 21.99,
      "unit_type": "kg",
      "saving": 0.0,
      "percent_off": 0.0,
      "deal_type": null,
      "scraped_at": "2026-01-04T23:11:39.844077"
    },
    {
      "store": "PAK'nSAVE",
      "name": "Verkerks Cheese Kransky\n\n280g",
      "brand": null,
      "price": 5.99,
      "original_price": 5.99,
      "price_per_kg": 21.39,
      "unit_type": "ea",
      "saving": 0.0,
      "percent_off": 0.0,
      "deal_type": "EXTRA",
      "scraped_at": "2026-01-04T23:11:39.875737"
    },
    {
      "store": "PAK'nSAVE",
      "name": "Pork Sirloin Steak\n\nkg",
      "brand": null,
      "price": 34.99,
      "original_price": 34.99,
      "price_per_kg": 34.99,
      "unit_type": "kg",
      "saving": 0.0,
      "percent_off": 0.0,
      "deal_type": null,
      "scraped_at": "2026-01-04T23:11:39.906283"
    },
    {
      "store": "PAK'nSAVE",
      "name": "Hellers Craft Country Pork Sausages\n\n6pk",
      "brand": null,
      "price": 9.49,
      "original_price": 9.49,
      "price_per_kg": null,
      "unit_type": "ea",
      "saving": 0.0,
      "percent_off": 0.0,
      "deal_type": "EXTRA",
      "scraped_at": "2026-01-04T23:11:39.939843"
    },
    {
      "store": "PAK'nSAVE",
      "name": "Hellers Craft Honey Lamb & Rosemary Sausages\n\n6pk",
      "brand": null,
      "price": 9.49,
      "original_price": 9.49,
      "price_per_kg": null,
      "unit_type": "ea",
      "saving": 0.0,
      "percent_off": 0.0,
      "deal_type": "EXTRA",
      "scraped_at": "2026-01-04T23:11:39.971648"
    },
    {
      "store": "PAK'nSAVE",
      "name": "NZ Lamb Leg Chops\n\nkg",
      "brand": null,
      "price": 23.99,
      "original_price": 23.99,
      "price_per_kg": 23.99,
      "unit_type": "kg",
      "saving": 0.0,
      "percent_off": 0.0,
      "deal_type": null,
      "scraped_at": "2026-01-04T23:11:40.001835"
    },
    {
      "store": "PAK'nSAVE",
      "name": "Hellers Manuka Smoked Middle Eye Bacon\n\n250g",
      "brand": null,
      "price": 6.49,
      "original_price": 6.49,
      "price_per_kg": 25.96,
      "unit_type": "ea",
      "saving": 0.0,
      "percent_off": 0.0,
      "deal_type": "EXTRA",
      "scraped_at": "2026-01-04T23:11:40.068350"
    },
    {
      "store": "PAK'nSAVE",
      "name": "NZ Beef Blade Steak\n\nkg",
      "brand": null,
      "price": 30.59,
      "original_price": 30.59,
      "price_per_kg": 30.59,
      "unit_type": "kg",
      "saving": 0.0,
      "percent_off": 0.0,
      "deal_type": null,
      "scraped_at": "2026-01-04T23:11:40.102475"
    },
    {
      "store": "PAK'nSAVE",
      "name": "NZ Diced Pork\n\nkg",
      "brand": null,
      "price": 21.49,
      "original_price": 21.49,
      "price_per_kg": 21.49,
      "unit_type": "kg",
      "saving": 0.0,
      "percent_off": 0.0,
      "deal_type": null,
      "scraped_at": "2026-01-04T23:11:40.132848"
    },
    {
      "store": "PAK'nSAVE",
      "name": "Hellers Craft Sliced Roast Chicken\n\n300g",
      "brand": null,
      "price": 9.99,
      "original_price": 9.99,
      "price_per_kg": 33.3,
      "unit_type": "ea",
      "saving": 0.0,
      "percent_off": 0.0,
      "deal_type": "EXTRA",
      "scraped_at": "2026-01-04T23:11:40.163935"
    },
    {
      "store": "PAK'nSAVE",
      "name": "Verkerks Mini Danish Salami\n\n300g",
      "brand": null,
      "price": 8.59,
      "original_price": 8.59,
      "price_per_kg": 28.63,
      "unit_type": "ea",
      "saving": 0.0,
      "percent_off": 0.0,
      "deal_type": "EXTRA",
      "scraped_at": "2026-01-04T23:11:40.228077"
    },
    {
      "store": "PAK'nSAVE",
      "name": "Pams Sliced Champagne Leg Ham\n\n225g",
      "brand": null,
      "price": 5.49,
      "original_price": 5.49,
      "price_per_kg": 24.4,
      "unit_type": "ea",
      "saving": 0.0,
      "percent_off": 0.0,
      "deal_type": null,
      "scraped_at": "2026-01-04T23:11:40.257778"
    },
    {
      "store": "PAK'nSAVE",
      "name": "Tegel Free Range Honey Soy Chicken Kebabs\n\n6pk",
      "brand": null,
      "price": 8.99,
      "original_price": 8.99,
      "price_per_kg": null,
      "unit_type": "ea",
      "saving": 0.0,
      "percent_off": 0.0,
      "deal_type": "EXTRA",
      "scraped_at": "2026-01-04T23:11:40.288929"
    },
    {
      "store": "PAK'nSAVE",
      "name": "Tegel Free Range Satay Flavoured Chicken Kebabs\n\n6pk",
      "brand": null,
      "price": 8.99,
      "original_price": 8.99,
      "price_per_kg": null,
      "unit_type": "ea",
      "saving": 0.0,
      "percent_off": 0.0,
      "deal_type": "EXTRA",
      "scraped_at": "2026-01-04T23:11:40.329207"
    },
    {
      "store": "PAK'nSAVE",
      "name": "Tegel Free Range Chicken Luncheon\n\n800g",
      "brand": null,
      "price": 8.15,
      "original_price": 8.15,
      "price_per_kg": 10.19,
      "unit_type": "ea",
      "saving": 0.0,
      "percent_off": 0.0,
      "deal_type": null,
      "scraped_at": "2026-01-04T23:11:40.359176"
    },
    {
      "store": "PAK'nSAVE",
      "name": "Hellers Manuka Smoked Streaky Bacon\n\n400g",
      "brand": null,
      "price": 10.79,
      "original_price": 10.79,
      "price_per_kg": 26.98,
      "unit_type": "ea",
      "saving": 0.0,
      "percent_off": 0.0,
      "deal_type": "EXTRA",
      "scraped_at": "2026-01-04T23:11:40.385654"
    },
    {
      "store": "PAK'nSAVE",
      "name": "Hellers Shaved Hot Pork\n\n200g",
      "brand": null,
      "price": 5.49,
      "original_price": 5.49,
      "price_per_kg": 27.45,
      "unit_type": "ea",
      "saving": 0.0,
      "percent_off": 0.0,
      "deal_type": "EXTRA",
      "scraped_at": "2026-01-04T23:11:40.421054"
    },
    {
      "store": "PAK'nSAVE",
      "name": "Primo Smallgoods Chorizo\n\n200g",
      "brand": null,
      "price": 6.25,
      "original_price": 6.25,
      "price_per_kg": 31.25,
      "unit_type": "ea",
      "saving": 0.0,
      "percent_off": 0.0,
      "deal_type": null,
      "scraped_at": "2026-01-04T23:11:40.454985"
    },
    {
      "store": "PAK'nSAVE",
      "name": "Hutton's Ham & Chicken Flavoured Luncheon\n\n800g",
      "brand": null,
      "price": 8.19,
      "original_price": 8.19,
      "price_per_kg": 10.24,
      "unit_type": "ea",
      "saving": 0.0,
      "percent_off": 0.0,
      "deal_type": null,
      "scraped_at": "2026-01-04T23:11:40.482542"
    },
    {
      "store": "PAK'nSAVE",
      "name": "Hellers Family Meatballs\n\n400g",
      "brand": null,
      "price": 8.59,
      "original_price": 8.59,
      "price_per_kg": 21.48,
      "unit_type": "ea",
      "saving": 0.0,
      "percent_off": 0.0,
      "deal_type": null,
      "scraped_at": "2026-01-04T23:11:40.508521"
    },
    {
      "store": "PAK'nSAVE",
      "name": "Hellers Family Burgers\n\n6pk",
      "brand": null,
      "price": 8.59,
      "original_price": 8.59,
      "price_per_kg": null,
      "unit_type": "ea",
      "saving": 0.0,
      "percent_off": 0.0,
      "deal_type": null,
      "scraped_at": "2026-01-04T23:11:40.565548"
    },
    {
      "store": "PAK'nSAVE",
      "name": "Farmland Leg Ham Banquet Boneless\n\n890g",
      "brand": null,
      "price": 15.49,
      "original_price": 15.49,
      "price_per_kg": 17.4,
      "unit_type": "ea",
      "saving": 0.0,
      "percent_off": 0.0,
      "deal_type": null,
      "scraped_at": "2026-01-04T23:11:40.590710"
    },
    {
      "store": "PAK'nSAVE",
      "name": "Hellers Classic Saveloys\n\n1kg",
      "brand": null,
      "price": 10.99,
      "original_price": 10.99,
      "price_per_kg": 10.99,
      "unit_type": "ea",
      "saving": 0.0,
      "percent_off": 0.0,
      "deal_type": "EXTRA",
      "scraped_at": "2026-01-04T23:11:40.621744"
    },
    {
      "store": "PAK'nSAVE",
      "name": "Hellers Classic Pre-Cooked Chicken Sausages\n\n1kg",
      "brand": null,
      "price": 13.19,
      "original_price": 13.19,
      "price_per_kg": 13.19,
      "unit_type": "ea",
      "saving": 0.0,
      "percent_off": 0.0,
      "deal_type": null,
      "scraped_at": "2026-01-04T23:11:40.651537"
    },
    {
      "store": "PAK'nSAVE",
      "name": "Hellers Sliced Manuka Smoked Ham\n\nkg",
      "brand": null,
      "price": 18.99,
      "original_price": 18.99,
      "price_per_kg": 18.99,
      "unit_type": "kg",
      "saving": 0.0,
      "percent_off": 0.0,
      "deal_type": null,
      "scraped_at": "2026-01-04T23:11:40.718177"
    },
    {
      "store": "PAK'nSAVE",
      "name": "Lamb Shanks (Knuckles)\n\nkg",
      "brand": null,
      "price": 26.99,
      "original_price": 26.99,
      "price_per_kg": 26.99,
      "unit_type": "kg",
      "saving": 0.0,
      "percent_off": 0.0,
      "deal_type": null,
      "scraped_at": "2026-01-04T23:11:40.749748"
    },
    {
      "store": "PAK'nSAVE",
      "name": "Pams Value Precooked Middle Bacon\n\n700g",
      "brand": null,
      "price": 14.29,
      "original_price": 14.29,
      "price_per_kg": 20.41,
      "unit_type": "ea",
      "saving": 0.0,
      "percent_off": 0.0,
      "deal_type": null,
      "scraped_at": "2026-01-04T23:11:40.779186"
    },
    {
      "store": "PAK'nSAVE",
      "name": "Harris Farms North Canterbury Beef Burgers\n\n2 x 125g",
      "brand": null,
      "price": 6.59,
      "original_price": 6.59,
      "price_per_kg": 26.36,
      "unit_type": "ea",
      "saving": 0.0,
      "percent_off": 0.0,
      "deal_type": null,
      "scraped_at": "2026-01-04T23:11:40.808914"
    },
    {
      "store": "PAK'nSAVE",
      "name": "Farmland Sliced Luncheon Large Pre-Pack\n\nkg",
      "brand": null,
      "price": 20.9,
      "original_price": 20.9,
      "price_per_kg": 20.9,
      "unit_type": "kg",
      "saving": 0.0,
      "percent_off": 0.0,
      "deal_type": null,
      "scraped_at": "2026-01-04T23:11:40.833929"
    },
    {
      "store": "PAK'nSAVE",
      "name": "Verkerks Italian Salami\n\n300g",
      "brand": null,
      "price": 8.59,
      "original_price": 8.59,
      "price_per_kg": 28.63,
      "unit_type": "ea",
      "saving": 0.0,
      "percent_off": 0.0,
      "deal_type": "EXTRA",
      "scraped_at": "2026-01-04T23:11:40.865166"
    },
    {
      "store": "PAK'nSAVE",
      "name": "Tegel Free Range Meal Maker Smoked Chicken\n\n260g",
      "brand": null,
      "price": 11.79,
      "original_price": 11.79,
      "price_per_kg": 45.35,
      "unit_type": "ea",
      "saving": 0.0,
      "percent_off": 0.0,
      "deal_type": null,
      "scraped_at": "2026-01-04T23:11:40.895086"
    },
    {
      "store": "PAK'nSAVE",
      "name": "Hellers Craft Lamb & Thyme Sausages\n\n6pk",
      "brand": null,
      "price": 9.49,
      "original_price": 9.49,
      "price_per_kg": null,
      "unit_type": "ea",
      "saving": 0.0,
      "percent_off": 0.0,
      "deal_type": "EXTRA",
      "scraped_at": "2026-01-04T23:11:40.921481"
    },
    {
      "store": "PAK'nSAVE",
      "name": "Pams Classic Beef Sausages\n\n6 x 75g",
      "brand": null,
      "price": 8.95,
      "original_price": 8.95,
      "price_per_kg": 19.89,
      "unit_type": "ea",
      "saving": 0.0,
      "percent_off": 0.0,
      "deal_type": null,
      "scraped_at": "2026-01-04T23:11:40.951211"
    },
    {
      "store": "PAK'nSAVE",
      "name": "NZ Chicken Hearts\n\nkg",
      "brand": null,
      "price": 14.79,
      "original_price": 14.79,
      "price_per_kg": 14.79,
      "unit_type": "kg",
      "saving": 0.0,
      "percent_off": 0.0,
      "deal_type": null,
      "scraped_at": "2026-01-04T23:11:40.976880"
    },
    {
      "store": "PAK'nSAVE",
      "name": "NZ Tenderised Beef Steak\n\nkg",
      "brand": null,
      "price": 32.49,
      "original_price": 32.49,
      "price_per_kg": 32.49,
      "unit_type": "kg",
      "saving": 0.0,
      "percent_off": 0.0,
      "deal_type": null,
      "scraped_at": "2026-01-04T23:11:41.008440"
    },
    {
      "store": "PAK'nSAVE",
      "name": "Frozen Whole Golden Pompano Fish\n\nkg",
      "brand": null,
      "price": 19.99,
      "original_price": 19.99,
      "price_per_kg": 19.99,
      "unit_type": "kg",
      "saving": 0.0,
      "percent_off": 0.0,
      "deal_type": null,
      "scraped_at": "2026-01-04T23:11:41.038615"
    },
    {
      "store": "PAK'nSAVE",
      "name": "Verkerks Mini Peperoni Salami\n\n300g",
      "brand": null,
      "price": 8.59,
      "original_price": 8.59,
      "price_per_kg": 28.63,
      "unit_type": "ea",
      "saving": 0.0,
      "percent_off": 0.0,
      "deal_type": "EXTRA",
      "scraped_at": "2026-01-04T23:11:41.069859"
    },
    {
      "store": "PAK'nSAVE",
      "name": "Pork Shoulder Rolled Roast\n\nkg",
      "brand": null,
      "price": 20.99,
      "original_price": 20.99,
      "price_per_kg": 20.99,
      "unit_type": "kg",
      "saving": 0.0,
      "percent_off": 0.0,
      "deal_type": null,
      "scraped_at": "2026-01-04T23:11:41.131492"
    },
    {
      "store": "PAK'nSAVE",
      "name": "Beef Fillet Steak\n\nkg",
      "brand": null,
      "price": 62.99,
      "original_price": 62.99,
      "price_per_kg": 62.99,
      "unit_type": "kg",
      "saving": 0.0,
      "percent_off": 0.0,
      "deal_type": null,
      "scraped_at": "2026-01-04T23:11:58.650420"
    },
    {
      "store": "PAK'nSAVE",
      "name": "Hellers Craft Angus Beef Meatballs\n\n400g",
      "brand": null,
      "price": 9.49,
      "original_price": 9.49,
      "price_per_kg": 23.73,
      "unit_type": "ea",
      "saving": 0.0,
      "percent_off": 0.0,
      "deal_type": "EXTRA",
      "scraped_at": "2026-01-04T23:11:58.683278"
    },
    {
      "store": "PAK'nSAVE",
      "name": "Farmland Champagne Ham Sliced\n\nkg",
      "brand": null,
      "price": 28.9,
      "original_price": 28.9,
      "price_per_kg": 28.9,
      "unit_type": "kg",
      "saving": 0.0,
      "percent_off": 0.0,
      "deal_type": "EXTRA",
      "scraped_at": "2026-01-04T23:11:58.718012"
    },
    {
      "store": "PAK'nSAVE",
      "name": "Tegel Free Range Meal Maker Shredded Roast Chicken\n\n100g",
      "brand": null,
      "price": 5.99,
      "original_price": 5.99,
      "price_per_kg": 59.9,
      "unit_type": "ea",
      "saving": 0.0,
      "percent_off": 0.0,
      "deal_type": null,
      "scraped_at": "2026-01-04T23:11:58.789250"
    },
    {
      "store": "PAK'nSAVE",
      "name": "Pams Classic Pork Sausages\n\n6 x 75g",
      "brand": null,
      "price": 8.95,
      "original_price": 8.95,
      "price_per_kg": 19.89,
      "unit_type": "ea",
      "saving": 0.0,
      "percent_off": 0.0,
      "deal_type": null,
      "scraped_at": "2026-01-04T23:11:58.846137"
    },
    {
      "store": "PAK'nSAVE",
      "name": "Beehive Tasty Cheese Sausages\n\n800g",
      "brand": null,
      "price": 17.25,
      "original_price": 17.25,
      "price_per_kg": 21.56,
      "unit_type": "ea",
      "saving": 0.0,
      "percent_off": 0.0,
      "deal_type": null,
      "scraped_at": "2026-01-04T23:11:58.872043"
    },
    {
      "store": "PAK'nSAVE",
      "name": "Tegel Free Range Manuka Smoked Chicken Rashers\n\n350g",
      "brand": null,
      "price": 10.95,
      "original_price": 10.95,
      "price_per_kg": 31.29,
      "unit_type": "ea",
      "saving": 0.0,
      "percent_off": 0.0,
      "deal_type": null,
      "scraped_at": "2026-01-04T23:11:58.897395"
    },
    {
      "store": "PAK'nSAVE",
      "name": "Hellers Mild Chorizo\n\n150g",
      "brand": null,
      "price": 6.49,
      "original_price": 6.49,
      "price_per_kg": 43.27,
      "unit_type": "ea",
      "saving": 0.0,
      "percent_off": 0.0,
      "deal_type": null,
      "scraped_at": "2026-01-04T23:11:58.923283"
    },
    {
      "store": "PAK'nSAVE",
      "name": "NZ Pork Crackling\n\nkg",
      "brand": null,
      "price": 10.99,
      "original_price": 10.99,
      "price_per_kg": 10.99,
      "unit_type": "kg",
      "saving": 0.0,
      "percent_off": 0.0,
      "deal_type": null,
      "scraped_at": "2026-01-04T23:11:58.948702"
    },
    {
      "store": "PAK'nSAVE",
      "name": "Primo Smallgoods Spanish Chorizo\n\n200g",
      "brand": null,
      "price": 6.25,
      "original_price": 6.25,
      "price_per_kg": 31.25,
      "unit_type": "ea",
      "saving": 0.0,
      "percent_off": 0.0,
      "deal_type": null,
      "scraped_at": "2026-01-04T23:11:58.978680"
    },
    {
      "store": "PAK'nSAVE",
      "name": "Premier Precooked Original Sausages\n\n1kg",
      "brand": null,
      "price": 17.25,
      "original_price": 17.25,
      "price_per_kg": 17.25,
      "unit_type": "ea",
      "saving": 0.0,
      "percent_off": 0.0,
      "deal_type": null,
      "scraped_at": "2026-01-04T23:11:59.004404"
    },
    {
      "store": "PAK'nSAVE",
      "name": "Harris Farms Beef 'n Caramelised Onion Burgers\n\n2 x 125g",
      "brand": null,
      "price": 6.59,
      "original_price": 6.59,
      "price_per_kg": 26.36,
      "unit_type": "ea",
      "saving": 0.0,
      "percent_off": 0.0,
      "deal_type": null,
      "scraped_at": "2026-01-04T23:11:59.029882"
    },
    {
      "store": "PAK'nSAVE",
      "name": "Rose & Mint Lamb Shoulder Chops\n\nkg",
      "brand": null,
      "price": 18.99,
      "original_price": 18.99,
      "price_per_kg": 18.99,
      "unit_type": "kg",
      "saving": 0.0,
      "percent_off": 0.0,
      "deal_type": null,
      "scraped_at": "2026-01-04T23:11:59.055522"
    },
    {
      "store": "PAK'nSAVE",
      "name": "Lisa's Mediterranean Falafel Mix\n\n400g",
      "brand": null,
      "price": 8.29,
      "original_price": 8.29,
      "price_per_kg": null,
      "unit_type": "ea",
      "saving": 0.0,
      "percent_off": 0.0,
      "deal_type": null,
      "scraped_at": "2026-01-04T23:11:59.085093"
    },
    {
      "store": "PAK'nSAVE",
      "name": "Shore Mariner Seafood Marinara Mix\n\n300g",
      "brand": null,
      "price": 9.49,
      "original_price": 9.49,
      "price_per_kg": 31.63,
      "unit_type": "ea",
      "saving": 0.0,
      "percent_off": 0.0,
      "deal_type": null,
      "scraped_at": "2026-01-04T23:11:59.110692"
    },
    {
      "store": "PAK'nSAVE",
      "name": "Hellers Spicy Chorizo\n\n150g",
      "brand": null,
      "price": 6.49,
      "original_price": 6.49,
      "price_per_kg": 43.27,
      "unit_type": "ea",
      "saving": 0.0,
      "percent_off": 0.0,
      "deal_type": null,
      "scraped_at": "2026-01-04T23:11:59.170934"
    },
    {
      "store": "PAK'nSAVE",
      "name": "Tegel Free Range Chicken Mexican Wraps\n\n4pk",
      "brand": null,
      "price": 11.49,
      "original_price": 11.49,
      "price_per_kg": null,
      "unit_type": "ea",
      "saving": 0.0,
      "percent_off": 0.0,
      "deal_type": null,
      "scraped_at": "2026-01-04T23:11:59.196739"
    },
    {
      "store": "PAK'nSAVE",
      "name": "Verkerks Chorizo\n\n300g",
      "brand": null,
      "price": 8.59,
      "original_price": 8.59,
      "price_per_kg": 28.63,
      "unit_type": "ea",
      "saving": 0.0,
      "percent_off": 0.0,
      "deal_type": "EXTRA",
      "scraped_at": "2026-01-04T23:11:59.232737"
    },
    {
      "store": "PAK'nSAVE",
      "name": "Bird & Barrow Diced Chicken Breast\n\nkg",
      "brand": null,
      "price": 27.49,
      "original_price": 27.49,
      "price_per_kg": 27.49,
      "unit_type": "kg",
      "saving": 0.0,
      "percent_off": 0.0,
      "deal_type": null,
      "scraped_at": "2026-01-04T23:11:59.272301"
    },
    {
      "store": "PAK'nSAVE",
      "name": "Hellers Craft Venison Sausages\n\n6pk",
      "brand": null,
      "price": 9.49,
      "original_price": 9.49,
      "price_per_kg": null,
      "unit_type": "ea",
      "saving": 0.0,
      "percent_off": 0.0,
      "deal_type": "EXTRA",
      "scraped_at": "2026-01-04T23:11:59.303538"
    },
    {
      "store": "PAK'nSAVE",
      "name": "Tegel Free Range Meal Maker Sliced Cajun Chicken\n\n260g",
      "brand": null,
      "price": 11.79,
      "original_price": 11.79,
      "price_per_kg": 45.35,
      "unit_type": "ea",
      "saving": 0.0,
      "percent_off": 0.0,
      "deal_type": null,
      "scraped_at": "2026-01-04T23:11:59.333600"
    },
    {
      "store": "PAK'nSAVE",
      "name": "Tegel Free Range Manuka Smoked Chicken Rashers\n\n200g",
      "brand": null,
      "price": 6.99,
      "original_price": 6.99,
      "price_per_kg": 34.95,
      "unit_type": "ea",
      "saving": 0.0,
      "percent_off": 0.0,
      "deal_type": null,
      "scraped_at": "2026-01-04T23:11:59.359213"
    },
    {
      "store": "PAK'nSAVE",
      "name": "Frozen Whole Milk Fish\n\nkg",
      "brand": null,
      "price": 16.49,
      "original_price": 16.49,
      "price_per_kg": 16.49,
      "unit_type": "kg",
      "saving": 0.0,
      "percent_off": 0.0,
      "deal_type": null,
      "scraped_at": "2026-01-04T23:11:59.384782"
    },
    {
      "store": "PAK'nSAVE",
      "name": "Tegel Free Range Chicken Italian Wraps\n\n4pk",
      "brand": null,
      "price": 11.49,
      "original_price": 11.49,
      "price_per_kg": null,
      "unit_type": "ea",
      "saving": 0.0,
      "percent_off": 0.0,
      "deal_type": null,
      "scraped_at": "2026-01-04T23:11:59.415006"
    },
    {
      "store": "PAK'nSAVE",
      "name": "Pams Finest Authentic Italian Prosciutto Crudo\n\n70g",
      "brand": null,
      "price": 8.49,
      "original_price": 8.49,
      "price_per_kg": 121.29,
      "unit_type": "ea",
      "saving": 0.0,
      "percent_off": 0.0,
      "deal_type": "EXTRA",
      "scraped_at": "2026-01-04T23:11:59.477930"
    },
    {
      "store": "PAK'nSAVE",
      "name": "NZ Beef Topside Steak\n\nkg",
      "brand": null,
      "price": 26.99,
      "original_price": 26.99,
      "price_per_kg": 26.99,
      "unit_type": "kg",
      "saving": 0.0,
      "percent_off": 0.0,
      "deal_type": null,
      "scraped_at": "2026-01-04T23:11:59.513018"
    },
    {
      "store": "PAK'nSAVE",
      "name": "Tegel Fresh Free Range Smoked Chicken Breast\n\n300g",
      "brand": null,
      "price": 12.99,
      "original_price": 12.99,
      "price_per_kg": 43.3,
      "unit_type": "ea",
      "saving": 0.0,
      "percent_off": 0.0,
      "deal_type": null,
      "scraped_at": "2026-01-04T23:11:59.543638"
    },
    {
      "store": "PAK'nSAVE",
      "name": "Pams Finest European Duo Prosciutto & Milano Salami\n\n80g",
      "brand": null,
      "price": 7.99,
      "original_price": 7.99,
      "price_per_kg": 99.88,
      "unit_type": "ea",
      "saving": 0.0,
      "percent_off": 0.0,
      "deal_type": "EXTRA",
      "scraped_at": "2026-01-04T23:11:59.570338"
    },
    {
      "store": "PAK'nSAVE",
      "name": "Verkerks Dutch Salami\n\n300g",
      "brand": null,
      "price": 8.59,
      "original_price": 8.59,
      "price_per_kg": 28.63,
      "unit_type": "ea",
      "saving": 0.0,
      "percent_off": 0.0,
      "deal_type": "EXTRA",
      "scraped_at": "2026-01-04T23:11:59.605460"
    },
    {
      "store": "PAK'nSAVE",
      "name": "NZ Beef Topside Roast\n\nkg",
      "brand": null,
      "price": 25.99,
      "original_price": 25.99,
      "price_per_kg": 25.99,
      "unit_type": "kg",
      "saving": 0.0,
      "percent_off": 0.0,
      "deal_type": null,
      "scraped_at": "2026-01-04T23:11:59.635297"
    },
    {
      "store": "PAK'nSAVE",
      "name": "Hellers Craft Spanish Chorizo Sausages\n\n200g",
      "brand": null,
      "price": 6.95,
      "original_price": 6.95,
      "price_per_kg": 34.75,
      "unit_type": "ea",
      "saving": 0.0,
      "percent_off": 0.0,
      "deal_type": null,
      "scraped_at": "2026-01-04T23:11:59.665585"
    },
    {
      "store": "PAK'nSAVE",
      "name": "Beehive Streaky Bacon\n\n1kg",
      "brand": null,
      "price": 17.99,
      "original_price": 17.99,
      "price_per_kg": 17.99,
      "unit_type": "ea",
      "saving": 0.0,
      "percent_off": 0.0,
      "deal_type": "EXTRA",
      "scraped_at": "2026-01-04T23:11:59.692110"
    },
    {
      "store": "PAK'nSAVE",
      "name": "Aoraki Smokehouse Prepacked Bone In Salmon Fillets\n\nkg",
      "brand": null,
      "price": 53.49,
      "original_price": 53.49,
      "price_per_kg": 53.49,
      "unit_type": "kg",
      "saving": 0.0,
      "percent_off": 0.0,
      "deal_type": null,
      "scraped_at": "2026-01-04T23:11:59.726332"
    },
    {
      "store": "PAK'nSAVE",
      "name": "Lamb Butterfly Leg Roasts\n\nkg",
      "brand": null,
      "price": 37.79,
      "original_price": 37.79,
      "price_per_kg": 37.79,
      "unit_type": "kg",
      "saving": 0.0,
      "percent_off": 0.0,
      "deal_type": null,
      "scraped_at": "2026-01-04T23:11:59.755698"
    },
    {
      "store": "PAK'nSAVE",
      "name": "Regal Cold Smoked Salmon\n\n100g",
      "brand": null,
      "price": 10.79,
      "original_price": 10.79,
      "price_per_kg": 107.9,
      "unit_type": "ea",
      "saving": 0.0,
      "percent_off": 0.0,
      "deal_type": "EXTRA",
      "scraped_at": "2026-01-04T23:11:59.786324"
    },
    {
      "store": "PAK'nSAVE",
      "name": "Farmland Wickford Ham\n\nkg",
      "brand": null,
      "price": 18.9,
      "original_price": 18.9,
      "price_per_kg": 18.9,
      "unit_type": "kg",
      "saving": 0.0,
      "percent_off": 0.0,
      "deal_type": "EXTRA",
      "scraped_at": "2026-01-04T23:11:59.817348"
    },
    {
      "store": "PAK'nSAVE",
      "name": "Hellers Craft Angus Beef Breakfast Sausages\n\n10pk",
      "brand": null,
      "price": 9.49,
      "original_price": 9.49,
      "price_per_kg": null,
      "unit_type": "ea",
      "saving": 0.0,
      "percent_off": 0.0,
      "deal_type": "EXTRA",
      "scraped_at": "2026-01-04T23:11:59.852208"
    },
    {
      "store": "PAK'nSAVE",
      "name": "Farmland Shaved Ham Large Pre-Pack\n\nkg",
      "brand": null,
      "price": 23.9,
      "original_price": 23.9,
      "price_per_kg": 23.9,
      "unit_type": "kg",
      "saving": 0.0,
      "percent_off": 0.0,
      "deal_type": null,
      "scraped_at": "2026-01-04T23:11:59.882233"
    },
    {
      "store": "PAK'nSAVE",
      "name": "Hellers Craft Sliced Tandoori Chicken\n\n250g",
      "brand": null,
      "price": 9.99,
      "original_price": 9.99,
      "price_per_kg": 39.96,
      "unit_type": "ea",
      "saving": 0.0,
      "percent_off": 0.0,
      "deal_type": "EXTRA",
      "scraped_at": "2026-01-04T23:11:59.913007"
    },
    {
      "store": "PAK'nSAVE",
      "name": "Hellers Craft Sliced Ham Off The Bone\n\n250g",
      "brand": null,
      "price": 10.79,
      "original_price": 10.79,
      "price_per_kg": 43.16,
      "unit_type": "ea",
      "saving": 0.0,
      "percent_off": 0.0,
      "deal_type": null,
      "scraped_at": "2026-01-04T23:11:59.943371"
    },
    {
      "store": "PAK'nSAVE",
      "name": "NZ Pork Spare Ribs\n\nkg",
      "brand": null,
      "price": 23.99,
      "original_price": 23.99,
      "price_per_kg": 23.99,
      "unit_type": "kg",
      "saving": 0.0,
      "percent_off": 0.0,
      "deal_type": null,
      "scraped_at": "2026-01-04T23:11:59.973520"
    },
    {
      "store": "PAK'nSAVE",
      "name": "Vegie Delights Hot Dogs\n\n300g",
      "brand": null,
      "price": 12.99,
      "original_price": 12.99,
      "price_per_kg": null,
      "unit_type": "ea",
      "saving": 0.0,
      "percent_off": 0.0,
      "deal_type": null,
      "scraped_at": "2026-01-04T23:11:59.999103"
    },
    {
      "store": "PAK'nSAVE",
      "name": "Prepacked Salmon Heads\n\nkg",
      "brand": null,
      "price": 12.49,
      "original_price": 12.49,
      "price_per_kg": 12.49,
      "unit_type": "kg",
      "saving": 0.0,
      "percent_off": 0.0,
      "deal_type": null,
      "scraped_at": "2026-01-04T23:12:00.024309"
    },
    {
      "store": "PAK'nSAVE",
      "name": "Tegel Free Range Meal Maker Shredded Satay Flavoured Chicken\n\n260g",
      "brand": null,
      "price": 11.79,
      "original_price": 11.79,
      "price_per_kg": 45.35,
      "unit_type": "ea",
      "saving": 0.0,
      "percent_off": 0.0,
      "deal_type": null,
      "scraped_at": "2026-01-04T23:12:00.054577"
    },
    {
      "store": "PAK'nSAVE",
      "name": "Sizzlers Original\n\n450g",
      "brand": null,
      "price": 6.49,
      "original_price": 6.49,
      "price_per_kg": 14.42,
      "unit_type": "ea",
      "saving": 0.0,
      "percent_off": 0.0,
      "deal_type": null,
      "scraped_at": "2026-01-04T23:12:00.104755"
    },
    {
      "store": "PAK'nSAVE",
      "name": "Bird & Barrow Chicken Mince\n\nkg",
      "brand": null,
      "price": 27.49,
      "original_price": 27.49,
      "price_per_kg": 27.49,
      "unit_type": "kg",
      "saving": 0.0,
      "percent_off": 0.0,
      "deal_type": null,
      "scraped_at": "2026-01-04T23:12:16.270532"
    },
    {
      "store": "PAK'nSAVE",
      "name": "Beehive Cheese Frankfurters\n\n800g",
      "brand": null,
      "price": 13.85,
      "original_price": 13.85,
      "price_per_kg": 17.31,
      "unit_type": "ea",
      "saving": 0.0,
      "percent_off": 0.0,
      "deal_type": null,
      "scraped_at": "2026-01-04T23:12:16.334063"
    },
    {
      "store": "PAK'nSAVE",
      "name": "NZ Monkfish Fillets\n\nkg",
      "brand": null,
      "price": 34.99,
      "original_price": 34.99,
      "price_per_kg": 34.99,
      "unit_type": "kg",
      "saving": 0.0,
      "percent_off": 0.0,
      "deal_type": null,
      "scraped_at": "2026-01-04T23:12:16.359589"
    },
    {
      "store": "PAK'nSAVE",
      "name": "Campbell's Butchery Sausage Meat\n\n450g",
      "brand": null,
      "price": 7.25,
      "original_price": 7.25,
      "price_per_kg": 16.11,
      "unit_type": "ea",
      "saving": 0.0,
      "percent_off": 0.0,
      "deal_type": null,
      "scraped_at": "2026-01-04T23:12:16.394519"
    },
    {
      "store": "PAK'nSAVE",
      "name": "Beard Brothers Old School Beef Sausages\n\n500g",
      "brand": null,
      "price": 11.55,
      "original_price": 11.55,
      "price_per_kg": 23.1,
      "unit_type": "ea",
      "saving": 0.0,
      "percent_off": 0.0,
      "deal_type": null,
      "scraped_at": "2026-01-04T23:12:16.420072"
    },
    {
      "store": "PAK'nSAVE",
      "name": "Hellers Family Frankfurters\n\nkg",
      "brand": null,
      "price": 14.49,
      "original_price": 14.49,
      "price_per_kg": 14.49,
      "unit_type": "kg",
      "saving": 0.0,
      "percent_off": 0.0,
      "deal_type": null,
      "scraped_at": "2026-01-04T23:12:16.445622"
    },
    {
      "store": "PAK'nSAVE",
      "name": "NZ Pork Scotch Fillet\n\nkg",
      "brand": null,
      "price": 29.99,
      "original_price": 29.99,
      "price_per_kg": 29.99,
      "unit_type": "kg",
      "saving": 0.0,
      "percent_off": 0.0,
      "deal_type": null,
      "scraped_at": "2026-01-04T23:12:16.471139"
    },
    {
      "store": "PAK'nSAVE",
      "name": "Nishin Indian Mackerel Fish\n\n800g",
      "brand": null,
      "price": 10.35,
      "original_price": 10.35,
      "price_per_kg": 12.94,
      "unit_type": "ea",
      "saving": 0.0,
      "percent_off": 0.0,
      "deal_type": null,
      "scraped_at": "2026-01-04T23:12:16.502033"
    },
    {
      "store": "PAK'nSAVE",
      "name": "Tegel Free Range Meal Maker Shredded Sweet Chilli Chicken\n\n100g",
      "brand": null,
      "price": 5.99,
      "original_price": 5.99,
      "price_per_kg": 59.9,
      "unit_type": "ea",
      "saving": 0.0,
      "percent_off": 0.0,
      "deal_type": null,
      "scraped_at": "2026-01-04T23:12:16.567866"
    },
    {
      "store": "PAK'nSAVE",
      "name": "NZ Lambs Fry\n\nkg",
      "brand": null,
      "price": 13.99,
      "original_price": 13.99,
      "price_per_kg": 13.99,
      "unit_type": "kg",
      "saving": 0.0,
      "percent_off": 0.0,
      "deal_type": null,
      "scraped_at": "2026-01-04T23:12:16.593500"
    },
    {
      "store": "PAK'nSAVE",
      "name": "Fresh Gurnard Fillets\n\nea",
      "brand": null,
      "price": 44.99,
      "original_price": 44.99,
      "price_per_kg": 44.99,
      "unit_type": "kg",
      "saving": 0.0,
      "percent_off": 0.0,
      "deal_type": null,
      "scraped_at": "2026-01-04T23:12:16.623429"
    },
    {
      "store": "PAK'nSAVE",
      "name": "NZ Chicken Legs\n\nkg",
      "brand": null,
      "price": 11.99,
      "original_price": 11.99,
      "price_per_kg": 11.99,
      "unit_type": "kg",
      "saving": 0.0,
      "percent_off": 0.0,
      "deal_type": null,
      "scraped_at": "2026-01-04T23:12:16.684853"
    },
    {
      "store": "PAK'nSAVE",
      "name": "Tonzu Original High Protein Organic Tempeh\n\n250g",
      "brand": null,
      "price": 8.19,
      "original_price": 8.19,
      "price_per_kg": null,
      "unit_type": "ea",
      "saving": 0.0,
      "percent_off": 0.0,
      "deal_type": null,
      "scraped_at": "2026-01-04T23:12:16.715055"
    },
    {
      "store": "PAK'nSAVE",
      "name": "Beard Brothers Lekker Braai Boerewors\n\n450g",
      "brand": null,
      "price": 11.55,
      "original_price": 11.55,
      "price_per_kg": 25.67,
      "unit_type": "ea",
      "saving": 0.0,
      "percent_off": 0.0,
      "deal_type": null,
      "scraped_at": "2026-01-04T23:12:16.771315"
    },
    {
      "store": "PAK'nSAVE",
      "name": "Pork Schnitzel\n\nkg",
      "brand": null,
      "price": 23.49,
      "original_price": 23.49,
      "price_per_kg": 23.49,
      "unit_type": "kg",
      "saving": 0.0,
      "percent_off": 0.0,
      "deal_type": null,
      "scraped_at": "2026-01-04T23:12:16.832034"
    },
    {
      "store": "PAK'nSAVE",
      "name": "Harris Farms Smokey T's Brisket n' Cheddar Sausage MAP\n\n450g",
      "brand": null,
      "price": 9.99,
      "original_price": 9.99,
      "price_per_kg": 22.2,
      "unit_type": "ea",
      "saving": 0.0,
      "percent_off": 0.0,
      "deal_type": null,
      "scraped_at": "2026-01-04T23:12:16.861990"
    },
    {
      "store": "PAK'nSAVE",
      "name": "Beef Ribeye Steak On The Bone\n\nkg",
      "brand": null,
      "price": 45.49,
      "original_price": 45.49,
      "price_per_kg": 45.49,
      "unit_type": "kg",
      "saving": 0.0,
      "percent_off": 0.0,
      "deal_type": null,
      "scraped_at": "2026-01-04T23:12:16.887671"
    },
    {
      "store": "PAK'nSAVE",
      "name": "Shore Mariner Squid Tentacles\n\n500g",
      "brand": null,
      "price": 9.79,
      "original_price": 9.79,
      "price_per_kg": 19.58,
      "unit_type": "ea",
      "saving": 0.0,
      "percent_off": 0.0,
      "deal_type": null,
      "scraped_at": "2026-01-04T23:12:16.918020"
    },
    {
      "store": "PAK'nSAVE",
      "name": "PrePacked Tarakihi Fillets\n\nkg",
      "brand": null,
      "price": 44.99,
      "original_price": 44.99,
      "price_per_kg": 44.99,
      "unit_type": "kg",
      "saving": 0.0,
      "percent_off": 0.0,
      "deal_type": null,
      "scraped_at": "2026-01-04T23:12:16.949597"
    },
    {
      "store": "PAK'nSAVE",
      "name": "Lamb Drumsticks\n\nkg",
      "brand": null,
      "price": 23.49,
      "original_price": 23.49,
      "price_per_kg": 23.49,
      "unit_type": "kg",
      "saving": 0.0,
      "percent_off": 0.0,
      "deal_type": null,
      "scraped_at": "2026-01-04T23:12:16.980566"
    },
    {
      "store": "PAK'nSAVE",
      "name": "Campbell's Butchery Beef Flavoured Sausages\n\nkg",
      "brand": null,
      "price": 13.99,
      "original_price": 13.99,
      "price_per_kg": 13.99,
      "unit_type": "kg",
      "saving": 0.0,
      "percent_off": 0.0,
      "deal_type": null,
      "scraped_at": "2026-01-04T23:12:17.010376"
    },
    {
      "store": "PAK'nSAVE",
      "name": "Plain Pack Sliced Pepperoni\n\n180g",
      "brand": null,
      "price": 24.9,
      "original_price": 24.9,
      "price_per_kg": 24.9,
      "unit_type": "kg",
      "saving": 0.0,
      "percent_off": 0.0,
      "deal_type": null,
      "scraped_at": "2026-01-04T23:12:17.035693"
    },
    {
      "store": "PAK'nSAVE",
      "name": "Whole Beef Ribeye\n\nkg",
      "brand": null,
      "price": 46.99,
      "original_price": 46.99,
      "price_per_kg": 46.99,
      "unit_type": "kg",
      "saving": 0.0,
      "percent_off": 0.0,
      "deal_type": null,
      "scraped_at": "2026-01-04T23:12:17.061113"
    },
    {
      "store": "PAK'nSAVE",
      "name": "Beard Brothers Kiwi Classic Pork & Cress Sausages\n\n500g",
      "brand": null,
      "price": 11.55,
      "original_price": 11.55,
      "price_per_kg": 23.1,
      "unit_type": "ea",
      "saving": 0.0,
      "percent_off": 0.0,
      "deal_type": null,
      "scraped_at": "2026-01-04T23:12:17.116700"
    },
    {
      "store": "PAK'nSAVE",
      "name": "Lamb Hearts\n\nkg",
      "brand": null,
      "price": 14.99,
      "original_price": 14.99,
      "price_per_kg": 14.99,
      "unit_type": "kg",
      "saving": 0.0,
      "percent_off": 0.0,
      "deal_type": null,
      "scraped_at": "2026-01-04T23:12:17.141819"
    },
    {
      "store": "PAK'nSAVE",
      "name": "Whole Golden Pompano\n\nkg",
      "brand": null,
      "price": 19.99,
      "original_price": 19.99,
      "price_per_kg": 19.99,
      "unit_type": "ea",
      "saving": 0.0,
      "percent_off": 0.0,
      "deal_type": null,
      "scraped_at": "2026-01-04T23:12:17.171591"
    },
    {
      "store": "PAK'nSAVE",
      "name": "Hellers Free Range Danish Eye Bacon\n\n250g",
      "brand": null,
      "price": 9.99,
      "original_price": 9.99,
      "price_per_kg": 39.96,
      "unit_type": "ea",
      "saving": 0.0,
      "percent_off": 0.0,
      "deal_type": "EXTRA",
      "scraped_at": "2026-01-04T23:12:17.199339"
    },
    {
      "store": "PAK'nSAVE",
      "name": "Harris Farms Lamb Herb n Manuka Burgers\n\n2 x 110g",
      "brand": null,
      "price": 6.59,
      "original_price": 6.59,
      "price_per_kg": 29.95,
      "unit_type": "ea",
      "saving": 0.0,
      "percent_off": 0.0,
      "deal_type": null,
      "scraped_at": "2026-01-04T23:12:17.234218"
    },
    {
      "store": "PAK'nSAVE",
      "name": "Beard Brothers Moroccan Inspired Beef & Spice Sausages\n\n500g",
      "brand": null,
      "price": 11.55,
      "original_price": 11.55,
      "price_per_kg": 23.1,
      "unit_type": "ea",
      "saving": 0.0,
      "percent_off": 0.0,
      "deal_type": null,
      "scraped_at": "2026-01-04T23:12:17.259367"
    },
    {
      "store": "PAK'nSAVE",
      "name": "NZ Beef T Bone Steak\n\nkg",
      "brand": null,
      "price": 43.99,
      "original_price": 43.99,
      "price_per_kg": 43.99,
      "unit_type": "kg",
      "saving": 0.0,
      "percent_off": 0.0,
      "deal_type": null,
      "scraped_at": "2026-01-04T23:12:17.284713"
    },
    {
      "store": "PAK'nSAVE",
      "name": "Hellers Smoked Saveloys\n\n1kg",
      "brand": null,
      "price": 10.99,
      "original_price": 10.99,
      "price_per_kg": 10.99,
      "unit_type": "ea",
      "saving": 0.0,
      "percent_off": 0.0,
      "deal_type": "EXTRA",
      "scraped_at": "2026-01-04T23:12:17.316095"
    },
    {
      "store": "PAK'nSAVE",
      "name": "Crumbed Pork Schnitzel\n\nkg",
      "brand": null,
      "price": 23.49,
      "original_price": 23.49,
      "price_per_kg": 23.49,
      "unit_type": "kg",
      "saving": 0.0,
      "percent_off": 0.0,
      "deal_type": null,
      "scraped_at": "2026-01-04T23:12:17.345987"
    },
    {
      "store": "PAK'nSAVE",
      "name": "Farmland Pastrami Thin Sliced Beef\n\n100g",
      "brand": null,
      "price": 6.99,
      "original_price": 6.99,
      "price_per_kg": 69.9,
      "unit_type": "ea",
      "saving": 0.0,
      "percent_off": 0.0,
      "deal_type": null,
      "scraped_at": "2026-01-04T23:12:17.371507"
    },
    {
      "store": "PAK'nSAVE",
      "name": "Primo Smallgoods Kransky\n\n200g",
      "brand": null,
      "price": 6.25,
      "original_price": 6.25,
      "price_per_kg": 31.25,
      "unit_type": "ea",
      "saving": 0.0,
      "percent_off": 0.0,
      "deal_type": null,
      "scraped_at": "2026-01-04T23:12:17.401040"
    },
    {
      "store": "PAK'nSAVE",
      "name": "Pams Smokey Beef Sausages\n\n6 x 75g",
      "brand": null,
      "price": 11.15,
      "original_price": 11.15,
      "price_per_kg": 24.78,
      "unit_type": "ea",
      "saving": 0.0,
      "percent_off": 0.0,
      "deal_type": null,
      "scraped_at": "2026-01-04T23:12:17.426185"
    },
    {
      "store": "PAK'nSAVE",
      "name": "Farmland Beef Thin Sliced Roast\n\n100g",
      "brand": null,
      "price": 6.99,
      "original_price": 6.99,
      "price_per_kg": 69.9,
      "unit_type": "ea",
      "saving": 0.0,
      "percent_off": 0.0,
      "deal_type": null,
      "scraped_at": "2026-01-04T23:12:17.451491"
    },
    {
      "store": "PAK'nSAVE",
      "name": "Harris Farms Pulled Pork Burgers\n\n2 x 125g",
      "brand": null,
      "price": 6.59,
      "original_price": 6.59,
      "price_per_kg": 26.36,
      "unit_type": "ea",
      "saving": 0.0,
      "percent_off": 0.0,
      "deal_type": null,
      "scraped_at": "2026-01-04T23:12:17.482286"
    },
    {
      "store": "PAK'nSAVE",
      "name": "Farmland Silverside Thin Sliced Corned\n\n100g",
      "brand": null,
      "price": 6.99,
      "original_price": 6.99,
      "price_per_kg": 69.9,
      "unit_type": "ea",
      "saving": 0.0,
      "percent_off": 0.0,
      "deal_type": null,
      "scraped_at": "2026-01-04T23:12:17.507386"
    },
    {
      "store": "PAK'nSAVE",
      "name": "Beef Cheeks\n\nkg",
      "brand": null,
      "price": 27.99,
      "original_price": 27.99,
      "price_per_kg": 27.99,
      "unit_type": "kg",
      "saving": 0.0,
      "percent_off": 0.0,
      "deal_type": null,
      "scraped_at": "2026-01-04T23:12:17.536833"
    },
    {
      "store": "PAK'nSAVE",
      "name": "Farmland Thin Sliced Hot Pork\n\n100g",
      "brand": null,
      "price": 6.99,
      "original_price": 6.99,
      "price_per_kg": 69.9,
      "unit_type": "ea",
      "saving": 0.0,
      "percent_off": 0.0,
      "deal_type": null,
      "scraped_at": "2026-01-04T23:12:17.562062"
    },
    {
      "store": "PAK'nSAVE",
      "name": "Regal Cold Smoked Salmon\n\n200g",
      "brand": null,
      "price": 20.15,
      "original_price": 20.15,
      "price_per_kg": 100.75,
      "unit_type": "ea",
      "saving": 0.0,
      "percent_off": 0.0,
      "deal_type": "EXTRA",
      "scraped_at": "2026-01-04T23:12:17.623434"
    },
    {
      "store": "PAK'nSAVE",
      "name": "Verkerks Rookworst Authentic Dutch Smoked Sausage\n\n300g",
      "brand": null,
      "price": 8.29,
      "original_price": 8.29,
      "price_per_kg": 27.63,
      "unit_type": "ea",
      "saving": 0.0,
      "percent_off": 0.0,
      "deal_type": "EXTRA",
      "scraped_at": "2026-01-04T23:12:17.684785"
    },
    {
      "store": "PAK'nSAVE",
      "name": "NZ Pork Rump Steak\n\nkg",
      "brand": null,
      "price": 30.49,
      "original_price": 30.49,
      "price_per_kg": 30.49,
      "unit_type": "kg",
      "saving": 0.0,
      "percent_off": 0.0,
      "deal_type": null,
      "scraped_at": "2026-01-04T23:12:34.994333"
    },
    {
      "store": "PAK'nSAVE",
      "name": "Farmland Beef Thin Sliced Hot\n\n100g",
      "brand": null,
      "price": 6.99,
      "original_price": 6.99,
      "price_per_kg": 69.9,
      "unit_type": "ea",
      "saving": 0.0,
      "percent_off": 0.0,
      "deal_type": null,
      "scraped_at": "2026-01-04T23:12:35.025013"
    },
    {
      "store": "PAK'nSAVE",
      "name": "NZ Red Cod Fillets\n\nkg",
      "brand": null,
      "price": 22.49,
      "original_price": 22.49,
      "price_per_kg": 22.49,
      "unit_type": "kg",
      "saving": 0.0,
      "percent_off": 0.0,
      "deal_type": null,
      "scraped_at": "2026-01-04T23:12:35.061683"
    },
    {
      "store": "PAK'nSAVE",
      "name": "NZ Whole Beef Rump\n\nkg",
      "brand": null,
      "price": 32.99,
      "original_price": 32.99,
      "price_per_kg": 32.99,
      "unit_type": "kg",
      "saving": 0.0,
      "percent_off": 0.0,
      "deal_type": null,
      "scraped_at": "2026-01-04T23:12:35.091483"
    },
    {
      "store": "PAK'nSAVE",
      "name": "Tegel Free Range Crunchy Chicken Burgers\n\n4pk",
      "brand": null,
      "price": 9.89,
      "original_price": 9.89,
      "price_per_kg": null,
      "unit_type": "ea",
      "saving": 0.0,
      "percent_off": 0.0,
      "deal_type": null,
      "scraped_at": "2026-01-04T23:12:35.124333"
    },
    {
      "store": "PAK'nSAVE",
      "name": "Unsliced Beef Fillet Steak\n\nkg",
      "brand": null,
      "price": 62.99,
      "original_price": 62.99,
      "price_per_kg": 62.99,
      "unit_type": "kg",
      "saving": 0.0,
      "percent_off": 0.0,
      "deal_type": null,
      "scraped_at": "2026-01-04T23:12:35.151275"
    },
    {
      "store": "PAK'nSAVE",
      "name": "Campbell's Butchery Pork Flavoured Sausages\n\nkg",
      "brand": null,
      "price": 12.99,
      "original_price": 12.99,
      "price_per_kg": 12.99,
      "unit_type": "kg",
      "saving": 0.0,
      "percent_off": 0.0,
      "deal_type": null,
      "scraped_at": "2026-01-04T23:12:35.181751"
    },
    {
      "store": "PAK'nSAVE",
      "name": "Primo Smallgoods Cheese Kransky\n\n200g",
      "brand": null,
      "price": 6.25,
      "original_price": 6.25,
      "price_per_kg": 31.25,
      "unit_type": "ea",
      "saving": 0.0,
      "percent_off": 0.0,
      "deal_type": null,
      "scraped_at": "2026-01-04T23:12:35.207181"
    },
    {
      "store": "PAK'nSAVE",
      "name": "Campbell's Butchery Chipolatas Sausages\n\nkg",
      "brand": null,
      "price": 16.99,
      "original_price": 16.99,
      "price_per_kg": 16.99,
      "unit_type": "kg",
      "saving": 0.0,
      "percent_off": 0.0,
      "deal_type": null,
      "scraped_at": "2026-01-04T23:12:35.232652"
    },
    {
      "store": "PAK'nSAVE",
      "name": "Value Pre-Cooked Sausages\n\n60pk",
      "brand": null,
      "price": 30.49,
      "original_price": 30.49,
      "price_per_kg": null,
      "unit_type": "ea",
      "saving": 0.0,
      "percent_off": 0.0,
      "deal_type": null,
      "scraped_at": "2026-01-04T23:12:35.258119"
    },
    {
      "store": "PAK'nSAVE",
      "name": "Beard Brothers Old School Pork Sausages\n\n500g",
      "brand": null,
      "price": 11.55,
      "original_price": 11.55,
      "price_per_kg": 23.1,
      "unit_type": "ea",
      "saving": 0.0,
      "percent_off": 0.0,
      "deal_type": null,
      "scraped_at": "2026-01-04T23:12:35.284027"
    },
    {
      "store": "PAK'nSAVE",
      "name": "Pams Finest Tasty Duo Smoked Prosciutto & Hot Italian Salami\n\n80g",
      "brand": null,
      "price": 11.29,
      "original_price": 11.29,
      "price_per_kg": 141.13,
      "unit_type": "ea",
      "saving": 0.0,
      "percent_off": 0.0,
      "deal_type": null,
      "scraped_at": "2026-01-04T23:12:35.309037"
    },
    {
      "store": "PAK'nSAVE",
      "name": "NZ Pearl Ghost Shark Fillets\n\nkg",
      "brand": null,
      "price": 21.29,
      "original_price": 21.29,
      "price_per_kg": 21.29,
      "unit_type": "kg",
      "saving": 0.0,
      "percent_off": 0.0,
      "deal_type": null,
      "scraped_at": "2026-01-04T23:12:35.339089"
    },
    {
      "store": "PAK'nSAVE",
      "name": "Pork Fillets\n\nkg",
      "brand": null,
      "price": 28.99,
      "original_price": 28.99,
      "price_per_kg": 28.99,
      "unit_type": "kg",
      "saving": 0.0,
      "percent_off": 0.0,
      "deal_type": null,
      "scraped_at": "2026-01-04T23:12:35.368574"
    },
    {
      "store": "PAK'nSAVE",
      "name": "Beard Brothers Rum & Que Pitmaster Series Beef Bull Dust Sausages\n\n500g",
      "brand": null,
      "price": 11.55,
      "original_price": 11.55,
      "price_per_kg": 23.1,
      "unit_type": "ea",
      "saving": 0.0,
      "percent_off": 0.0,
      "deal_type": null,
      "scraped_at": "2026-01-04T23:12:35.398914"
    },
    {
      "store": "PAK'nSAVE",
      "name": "Prepacked Whole Mackerel Fish\n\nea",
      "brand": null,
      "price": 11.99,
      "original_price": 11.99,
      "price_per_kg": 11.99,
      "unit_type": "kg",
      "saving": 0.0,
      "percent_off": 0.0,
      "deal_type": null,
      "scraped_at": "2026-01-04T23:12:35.424129"
    },
    {
      "store": "PAK'nSAVE",
      "name": "Shredded Chicken\n\nkg",
      "brand": null,
      "price": 36.9,
      "original_price": 36.9,
      "price_per_kg": 36.9,
      "unit_type": "kg",
      "saving": 0.0,
      "percent_off": 0.0,
      "deal_type": null,
      "scraped_at": "2026-01-04T23:12:35.453639"
    },
    {
      "store": "PAK'nSAVE",
      "name": "Beard Brothers Pork & Spiced Apple Sausages\n\n500g",
      "brand": null,
      "price": 11.55,
      "original_price": 11.55,
      "price_per_kg": 23.1,
      "unit_type": "ea",
      "saving": 0.0,
      "percent_off": 0.0,
      "deal_type": null,
      "scraped_at": "2026-01-04T23:12:35.479049"
    },
    {
      "store": "PAK'nSAVE",
      "name": "Harris Farms Chipolatas Sausages MAP\n\n450g",
      "brand": null,
      "price": 9.99,
      "original_price": 9.99,
      "price_per_kg": 22.2,
      "unit_type": "ea",
      "saving": 0.0,
      "percent_off": 0.0,
      "deal_type": null,
      "scraped_at": "2026-01-04T23:12:35.536164"
    },
    {
      "store": "PAK'nSAVE",
      "name": "NZ Snapper Fillets\n\nkg",
      "brand": null,
      "price": 45.99,
      "original_price": 45.99,
      "price_per_kg": 45.99,
      "unit_type": "kg",
      "saving": 0.0,
      "percent_off": 0.0,
      "deal_type": null,
      "scraped_at": "2026-01-04T23:12:35.565797"
    },
    {
      "store": "PAK'nSAVE",
      "name": "Pork & Pineapple Patties\n\nkg",
      "brand": null,
      "price": 19.99,
      "original_price": 19.99,
      "price_per_kg": 19.99,
      "unit_type": "kg",
      "saving": 0.0,
      "percent_off": 0.0,
      "deal_type": null,
      "scraped_at": "2026-01-04T23:12:35.595766"
    },
    {
      "store": "PAK'nSAVE",
      "name": "Pams Finest Premium Cooked Jumbo Shrimp\n\n500g",
      "brand": null,
      "price": 18.35,
      "original_price": 18.35,
      "price_per_kg": 36.7,
      "unit_type": "ea",
      "saving": 0.0,
      "percent_off": 0.0,
      "deal_type": null,
      "scraped_at": "2026-01-04T23:12:35.625312"
    },
    {
      "store": "PAK'nSAVE",
      "name": "Campbell's Butchery Crumbed Sausages\n\nkg",
      "brand": null,
      "price": 15.99,
      "original_price": 15.99,
      "price_per_kg": 15.99,
      "unit_type": "kg",
      "saving": 0.0,
      "percent_off": 0.0,
      "deal_type": null,
      "scraped_at": "2026-01-04T23:12:35.693077"
    },
    {
      "store": "PAK'nSAVE",
      "name": "NZ Common Blue Warehou Fillets\n\nkg",
      "brand": null,
      "price": 29.99,
      "original_price": 29.99,
      "price_per_kg": 29.99,
      "unit_type": "kg",
      "saving": 0.0,
      "percent_off": 0.0,
      "deal_type": null,
      "scraped_at": "2026-01-04T23:12:35.718751"
    },
    {
      "store": "PAK'nSAVE",
      "name": "Tegel Free Range Chargrill Chicken Steaks\n\n4pk",
      "brand": null,
      "price": 9.89,
      "original_price": 9.89,
      "price_per_kg": null,
      "unit_type": "ea",
      "saving": 0.0,
      "percent_off": 0.0,
      "deal_type": null,
      "scraped_at": "2026-01-04T23:12:35.748480"
    },
    {
      "store": "PAK'nSAVE",
      "name": "Campbell's Butchery Saveloys\n\nkg",
      "brand": null,
      "price": 14.99,
      "original_price": 14.99,
      "price_per_kg": 14.99,
      "unit_type": "kg",
      "saving": 0.0,
      "percent_off": 0.0,
      "deal_type": null,
      "scraped_at": "2026-01-04T23:12:35.805168"
    },
    {
      "store": "PAK'nSAVE",
      "name": "NZ Lamb Boneless Rolled Forquarter\n\nkg",
      "brand": null,
      "price": 26.99,
      "original_price": 26.99,
      "price_per_kg": 26.99,
      "unit_type": "kg",
      "saving": 0.0,
      "percent_off": 0.0,
      "deal_type": null,
      "scraped_at": "2026-01-04T23:12:35.830204"
    },
    {
      "store": "PAK'nSAVE",
      "name": "Curried Sausages\n\nkg",
      "brand": null,
      "price": 18.99,
      "original_price": 18.99,
      "price_per_kg": 18.99,
      "unit_type": "kg",
      "saving": 0.0,
      "percent_off": 0.0,
      "deal_type": null,
      "scraped_at": "2026-01-04T23:12:35.859713"
    },
    {
      "store": "PAK'nSAVE",
      "name": "Frozen Whole Raw Blue Swimming Crab\n\nkg",
      "brand": null,
      "price": 16.99,
      "original_price": 16.99,
      "price_per_kg": 16.99,
      "unit_type": "kg",
      "saving": 0.0,
      "percent_off": 0.0,
      "deal_type": null,
      "scraped_at": "2026-01-04T23:12:35.885435"
    },
    {
      "store": "PAK'nSAVE",
      "name": "Tegel BBQ Chicken Thighs Cooked\n\nkg",
      "brand": null,
      "price": 18.9,
      "original_price": 18.9,
      "price_per_kg": 18.9,
      "unit_type": "kg",
      "saving": 0.0,
      "percent_off": 0.0,
      "deal_type": null,
      "scraped_at": "2026-01-04T23:12:35.910698"
    },
    {
      "store": "PAK'nSAVE",
      "name": "Farmland Pre-packed NZ Sliced Deli Champagne Ham\n\nkg",
      "brand": null,
      "price": 37.9,
      "original_price": 37.9,
      "price_per_kg": 37.9,
      "unit_type": "kg",
      "saving": 0.0,
      "percent_off": 0.0,
      "deal_type": null,
      "scraped_at": "2026-01-04T23:12:35.936821"
    },
    {
      "store": "PAK'nSAVE",
      "name": "NZ Whole Beef Porterhouse\n\nkg",
      "brand": null,
      "price": 39.49,
      "original_price": 39.49,
      "price_per_kg": 39.49,
      "unit_type": "kg",
      "saving": 0.0,
      "percent_off": 0.0,
      "deal_type": null,
      "scraped_at": "2026-01-04T23:12:35.966877"
    },
    {
      "store": "PAK'nSAVE",
      "name": "Shore Mariner Crumbed Formed Squid Rings\n\n450g",
      "brand": null,
      "price": 8.49,
      "original_price": 8.49,
      "price_per_kg": 18.87,
      "unit_type": "ea",
      "saving": 0.0,
      "percent_off": 0.0,
      "deal_type": null,
      "scraped_at": "2026-01-04T23:12:35.996897"
    },
    {
      "store": "PAK'nSAVE",
      "name": "Hellers Plain Pack Sliced Honey Baked Ham\n\nkg",
      "brand": null,
      "price": 19.9,
      "original_price": 19.9,
      "price_per_kg": 19.9,
      "unit_type": "kg",
      "saving": 0.0,
      "percent_off": 0.0,
      "deal_type": "EXTRA",
      "scraped_at": "2026-01-04T23:12:36.023296"
    },
    {
      "store": "PAK'nSAVE",
      "name": "Harris Farms Traditional Beef Sausages MAP\n\n480g",
      "brand": null,
      "price": 9.99,
      "original_price": 9.99,
      "price_per_kg": 20.81,
      "unit_type": "ea",
      "saving": 0.0,
      "percent_off": 0.0,
      "deal_type": null,
      "scraped_at": "2026-01-04T23:12:36.058535"
    },
    {
      "store": "PAK'nSAVE",
      "name": "Shrimp Surimi Salad\n\nkg",
      "brand": null,
      "price": 18.99,
      "original_price": 18.99,
      "price_per_kg": 18.99,
      "unit_type": "kg",
      "saving": 0.0,
      "percent_off": 0.0,
      "deal_type": null,
      "scraped_at": "2026-01-04T23:12:36.084615"
    },
    {
      "store": "PAK'nSAVE",
      "name": "Diced Lamb\n\nkg",
      "brand": null,
      "price": 29.99,
      "original_price": 29.99,
      "price_per_kg": 29.99,
      "unit_type": "kg",
      "saving": 0.0,
      "percent_off": 0.0,
      "deal_type": null,
      "scraped_at": "2026-01-04T23:12:36.109829"
    },
    {
      "store": "PAK'nSAVE",
      "name": "Shore Mariner Cooked Vannamei Whole Prawns\n\n400g",
      "brand": null,
      "price": 17.35,
      "original_price": 17.35,
      "price_per_kg": 43.38,
      "unit_type": "ea",
      "saving": 0.0,
      "percent_off": 0.0,
      "deal_type": null,
      "scraped_at": "2026-01-04T23:12:36.139518"
    },
    {
      "store": "PAK'nSAVE",
      "name": "United Fish Co Oven Ready Salt & Pepper Battered Prawns\n\n250g",
      "brand": null,
      "price": 8.99,
      "original_price": 8.99,
      "price_per_kg": 35.96,
      "unit_type": "ea",
      "saving": 0.0,
      "percent_off": 0.0,
      "deal_type": "EXTRA",
      "scraped_at": "2026-01-04T23:12:36.165895"
    },
    {
      "store": "PAK'nSAVE",
      "name": "Campbell's Sausages PreCooked\n\nkg",
      "brand": null,
      "price": 13.99,
      "original_price": 13.99,
      "price_per_kg": 13.99,
      "unit_type": "ea",
      "saving": 0.0,
      "percent_off": 0.0,
      "deal_type": null,
      "scraped_at": "2026-01-04T23:12:36.195975"
    },
    {
      "store": "PAK'nSAVE",
      "name": "Farmland Sliced Corned Silverside Small Pre-Pack\n\nkg",
      "brand": null,
      "price": 47.9,
      "original_price": 47.9,
      "price_per_kg": 47.9,
      "unit_type": "kg",
      "saving": 0.0,
      "percent_off": 0.0,
      "deal_type": null,
      "scraped_at": "2026-01-04T23:12:36.221742"
    },
    {
      "store": "PAK'nSAVE",
      "name": "Whole Beef Eye Fillet\n\nkg",
      "brand": null,
      "price": 61.99,
      "original_price": 61.99,
      "price_per_kg": 61.99,
      "unit_type": "kg",
      "saving": 0.0,
      "percent_off": 0.0,
      "deal_type": null,
      "scraped_at": "2026-01-04T23:12:36.251354"
    },
    {
      "store": "PAK'nSAVE",
      "name": "Dressed Snapper\n\nkg",
      "brand": null,
      "price": 24.99,
      "original_price": 24.99,
      "price_per_kg": 24.99,
      "unit_type": "kg",
      "saving": 0.0,
      "percent_off": 0.0,
      "deal_type": null,
      "scraped_at": "2026-01-04T23:12:36.306384"
    },
    {
      "store": "PAK'nSAVE",
      "name": "Frozen PrePacked Whole Tarakihi Fish\n\nkg",
      "brand": null,
      "price": 20.99,
      "original_price": 20.99,
      "price_per_kg": 20.99,
      "unit_type": "kg",
      "saving": 0.0,
      "percent_off": 0.0,
      "deal_type": null,
      "scraped_at": "2026-01-04T23:12:36.337034"
    },
    {
      "store": "PAK'nSAVE",
      "name": "Hellers Prepacked Sliced Pork Luncheon\n\nkg",
      "brand": null,
      "price": 12.9,
      "original_price": 12.9,
      "price_per_kg": 12.9,
      "unit_type": "kg",
      "saving": 0.0,
      "percent_off": 0.0,
      "deal_type": null,
      "scraped_at": "2026-01-04T23:12:36.367386"
    },
    {
      "store": "PAK'nSAVE",
      "name": "Campbell's Butchery Battered Hot Dog\n\nkg",
      "brand": null,
      "price": 27.49,
      "original_price": 27.49,
      "price_per_kg": 27.49,
      "unit_type": "kg",
      "saving": 0.0,
      "percent_off": 0.0,
      "deal_type": null,
      "scraped_at": "2026-01-04T23:12:36.392649"
    },
    {
      "store": "PAK'nSAVE",
      "name": "United Fish Co Oven Ready Hot & Spicy Battered Prawns\n\n250g",
      "brand": null,
      "price": 8.99,
      "original_price": 8.99,
      "price_per_kg": 35.96,
      "unit_type": "ea",
      "saving": 0.0,
      "percent_off": 0.0,
      "deal_type": "EXTRA",
      "scraped_at": "2026-01-04T23:12:53.002521"
    },
    {
      "store": "PAK'nSAVE",
      "name": "Hellers Shaved Silverside\n\nkg",
      "brand": null,
      "price": 38.9,
      "original_price": 38.9,
      "price_per_kg": 38.9,
      "unit_type": "kg",
      "saving": 0.0,
      "percent_off": 0.0,
      "deal_type": null,
      "scraped_at": "2026-01-04T23:12:53.038565"
    },
    {
      "store": "PAK'nSAVE",
      "name": "Campbell's Butchery Smoked Saveloys\n\nkg",
      "brand": null,
      "price": 14.99,
      "original_price": 14.99,
      "price_per_kg": 14.99,
      "unit_type": "kg",
      "saving": 0.0,
      "percent_off": 0.0,
      "deal_type": null,
      "scraped_at": "2026-01-04T23:12:53.066899"
    },
    {
      "store": "PAK'nSAVE",
      "name": "Trevally Fillets (Prepack)\n\nkg",
      "brand": null,
      "price": 30.99,
      "original_price": 30.99,
      "price_per_kg": 30.99,
      "unit_type": "kg",
      "saving": 0.0,
      "percent_off": 0.0,
      "deal_type": null,
      "scraped_at": "2026-01-04T23:12:53.094973"
    },
    {
      "store": "PAK'nSAVE",
      "name": "United Fish Co Oven Ready Coconut Crumbed Prawns\n\n250g",
      "brand": null,
      "price": 8.99,
      "original_price": 8.99,
      "price_per_kg": 35.96,
      "unit_type": "ea",
      "saving": 0.0,
      "percent_off": 0.0,
      "deal_type": "EXTRA",
      "scraped_at": "2026-01-04T23:12:53.130744"
    },
    {
      "store": "PAK'nSAVE",
      "name": "Bird & Barrow Free Range Chicken Breast Manuka Honey & Soy Kebabs\n\n5pk",
      "brand": null,
      "price": 10.49,
      "original_price": 10.49,
      "price_per_kg": null,
      "unit_type": "ea",
      "saving": 0.0,
      "percent_off": 0.0,
      "deal_type": null,
      "scraped_at": "2026-01-04T23:12:53.162555"
    },
    {
      "store": "PAK'nSAVE",
      "name": "Farmland Cooked Roast Beef\n\nkg",
      "brand": null,
      "price": 42.9,
      "original_price": 42.9,
      "price_per_kg": 42.9,
      "unit_type": "ea",
      "saving": 0.0,
      "percent_off": 0.0,
      "deal_type": null,
      "scraped_at": "2026-01-04T23:12:53.189867"
    },
    {
      "store": "PAK'nSAVE",
      "name": "Ghiotti Soppressa Veneta\n\n70g",
      "brand": null,
      "price": 8.79,
      "original_price": 8.79,
      "price_per_kg": 125.57,
      "unit_type": "ea",
      "saving": 0.0,
      "percent_off": 0.0,
      "deal_type": null,
      "scraped_at": "2026-01-04T23:12:53.217490"
    },
    {
      "store": "PAK'nSAVE",
      "name": "Bird & Barrow Free Range Chicken Breast Coconut & Lemongrass Kebabs\n\n5pk",
      "brand": null,
      "price": 10.49,
      "original_price": 10.49,
      "price_per_kg": null,
      "unit_type": "ea",
      "saving": 0.0,
      "percent_off": 0.0,
      "deal_type": null,
      "scraped_at": "2026-01-04T23:12:53.250133"
    },
    {
      "store": "PAK'nSAVE",
      "name": "Hellers Craft Jumbo Cheese Brats\n\n4pk",
      "brand": null,
      "price": 6.99,
      "original_price": 6.99,
      "price_per_kg": null,
      "unit_type": "ea",
      "saving": 0.0,
      "percent_off": 0.0,
      "deal_type": "EXTRA",
      "scraped_at": "2026-01-04T23:12:53.279223"
    },
    {
      "store": "PAK'nSAVE",
      "name": "Shore Mariner Panko Crumbed Prawn Bites\n\n375g",
      "brand": null,
      "price": 12.69,
      "original_price": 12.69,
      "price_per_kg": 33.84,
      "unit_type": "ea",
      "saving": 0.0,
      "percent_off": 0.0,
      "deal_type": null,
      "scraped_at": "2026-01-04T23:12:53.311132"
    },
    {
      "store": "PAK'nSAVE",
      "name": "NZ Skate Wings\n\nkg",
      "brand": null,
      "price": 13.99,
      "original_price": 13.99,
      "price_per_kg": 13.99,
      "unit_type": "kg",
      "saving": 0.0,
      "percent_off": 0.0,
      "deal_type": null,
      "scraped_at": "2026-01-04T23:12:53.339142"
    },
    {
      "store": "PAK'nSAVE",
      "name": "Verkerks Pepperoni\n\nkg",
      "brand": null,
      "price": 36.9,
      "original_price": 36.9,
      "price_per_kg": 36.9,
      "unit_type": "kg",
      "saving": 0.0,
      "percent_off": 0.0,
      "deal_type": null,
      "scraped_at": "2026-01-04T23:12:53.372208"
    },
    {
      "store": "PAK'nSAVE",
      "name": "Ghiotti Chorizo Extra\n\n70g",
      "brand": null,
      "price": 8.79,
      "original_price": 8.79,
      "price_per_kg": 125.57,
      "unit_type": "ea",
      "saving": 0.0,
      "percent_off": 0.0,
      "deal_type": null,
      "scraped_at": "2026-01-04T23:12:53.406559"
    },
    {
      "store": "PAK'nSAVE",
      "name": "Whole Flounder Fish PrePacked\n\nkg",
      "brand": null,
      "price": 29.49,
      "original_price": 29.49,
      "price_per_kg": 29.49,
      "unit_type": "kg",
      "saving": 0.0,
      "percent_off": 0.0,
      "deal_type": null,
      "scraped_at": "2026-01-04T23:12:53.439626"
    },
    {
      "store": "PAK'nSAVE",
      "name": "Moki Fish Fillets\n\nea",
      "brand": null,
      "price": 32.99,
      "original_price": 32.99,
      "price_per_kg": 32.99,
      "unit_type": "kg",
      "saving": 0.0,
      "percent_off": 0.0,
      "deal_type": null,
      "scraped_at": "2026-01-04T23:12:53.472324"
    },
    {
      "store": "PAK'nSAVE",
      "name": "Tegel Free Range Meal Maker Shredded Flame Grilled Style Chicken\n\n100g",
      "brand": null,
      "price": 5.99,
      "original_price": 5.99,
      "price_per_kg": 59.9,
      "unit_type": "ea",
      "saving": 0.0,
      "percent_off": 0.0,
      "deal_type": null,
      "scraped_at": "2026-01-04T23:12:53.504258"
    },
    {
      "store": "PAK'nSAVE",
      "name": "Ghiotti Chorizo Velita\n\n150g",
      "brand": null,
      "price": 11.49,
      "original_price": 11.49,
      "price_per_kg": 76.6,
      "unit_type": "ea",
      "saving": 0.0,
      "percent_off": 0.0,
      "deal_type": null,
      "scraped_at": "2026-01-04T23:12:53.531177"
    },
    {
      "store": "PAK'nSAVE",
      "name": "Prepacked Moki Fish Steaks\n\nea",
      "brand": null,
      "price": 15.99,
      "original_price": 15.99,
      "price_per_kg": 15.99,
      "unit_type": "kg",
      "saving": 0.0,
      "percent_off": 0.0,
      "deal_type": null,
      "scraped_at": "2026-01-04T23:12:53.563390"
    },
    {
      "store": "PAK'nSAVE",
      "name": "Tilapia Frozen\n\nkg",
      "brand": null,
      "price": 14.99,
      "original_price": 14.99,
      "price_per_kg": 14.99,
      "unit_type": "ea",
      "saving": 0.0,
      "percent_off": 0.0,
      "deal_type": null,
      "scraped_at": "2026-01-04T23:12:53.595772"
    },
    {
      "store": "PAK'nSAVE",
      "name": "Martinez Salchichon Spanish Salami\n\n90g",
      "brand": null,
      "price": 5.29,
      "original_price": 5.29,
      "price_per_kg": 58.78,
      "unit_type": "ea",
      "saving": 0.0,
      "percent_off": 0.0,
      "deal_type": null,
      "scraped_at": "2026-01-04T23:12:53.627425"
    },
    {
      "store": "PAK'nSAVE",
      "name": "Sea Cuisine Vannamei 41/50 Whole Raw Prawns\n\n0.8kg",
      "brand": null,
      "price": 23.95,
      "original_price": 23.95,
      "price_per_kg": 29.94,
      "unit_type": "ea",
      "saving": 0.0,
      "percent_off": 0.0,
      "deal_type": null,
      "scraped_at": "2026-01-04T23:12:53.653980"
    },
    {
      "store": "PAK'nSAVE",
      "name": "Lamb Rissoles\n\nkg",
      "brand": null,
      "price": 20.99,
      "original_price": 20.99,
      "price_per_kg": 20.99,
      "unit_type": "kg",
      "saving": 0.0,
      "percent_off": 0.0,
      "deal_type": null,
      "scraped_at": "2026-01-04T23:12:53.684966"
    },
    {
      "store": "PAK'nSAVE",
      "name": "Whole Perch\n\nea",
      "brand": null,
      "price": 11.99,
      "original_price": 11.99,
      "price_per_kg": 11.99,
      "unit_type": "kg",
      "saving": 0.0,
      "percent_off": 0.0,
      "deal_type": null,
      "scraped_at": "2026-01-04T23:12:53.712766"
    },
    {
      "store": "PAK'nSAVE",
      "name": "Verkerks Medium Heat Chorizo\n\n250g",
      "brand": null,
      "price": 6.79,
      "original_price": 6.79,
      "price_per_kg": 27.16,
      "unit_type": "ea",
      "saving": 0.0,
      "percent_off": 0.0,
      "deal_type": null,
      "scraped_at": "2026-01-04T23:12:53.744110"
    },
    {
      "store": "PAK'nSAVE",
      "name": "Rig Fish Fillets\n\nea",
      "brand": null,
      "price": 37.99,
      "original_price": 37.99,
      "price_per_kg": 37.99,
      "unit_type": "kg",
      "saving": 0.0,
      "percent_off": 0.0,
      "deal_type": null,
      "scraped_at": "2026-01-04T23:12:53.804728"
    },
    {
      "store": "PAK'nSAVE",
      "name": "PrePackaged Leather Jackets Fish\n\nkg",
      "brand": null,
      "price": 18.49,
      "original_price": 18.49,
      "price_per_kg": 18.49,
      "unit_type": "kg",
      "saving": 0.0,
      "percent_off": 0.0,
      "deal_type": null,
      "scraped_at": "2026-01-04T23:12:53.837103"
    },
    {
      "store": "PAK'nSAVE",
      "name": "Harris Farms Povi Masima\n\n5kg",
      "brand": null,
      "price": 100.39,
      "original_price": 100.39,
      "price_per_kg": 20.08,
      "unit_type": "ea",
      "saving": 0.0,
      "percent_off": 0.0,
      "deal_type": null,
      "scraped_at": "2026-01-04T23:12:53.868939"
    },
    {
      "store": "PAK'nSAVE",
      "name": "Sea Cuisine Cooked Whole Prawns Vannamei 21/25\n\n800g",
      "brand": null,
      "price": 29.19,
      "original_price": 29.19,
      "price_per_kg": 36.49,
      "unit_type": "ea",
      "saving": 0.0,
      "percent_off": 0.0,
      "deal_type": null,
      "scraped_at": "2026-01-04T23:12:53.900876"
    },
    {
      "store": "PAK'nSAVE",
      "name": "Prepacked Conga Eel Steaks\n\nea",
      "brand": null,
      "price": 12.99,
      "original_price": 12.99,
      "price_per_kg": 12.99,
      "unit_type": "kg",
      "saving": 0.0,
      "percent_off": 0.0,
      "deal_type": null,
      "scraped_at": "2026-01-04T23:12:53.932464"
    },
    {
      "store": "PAK'nSAVE",
      "name": "Beef Sirloin Roast\n\nea",
      "brand": null,
      "price": 39.99,
      "original_price": 39.99,
      "price_per_kg": 39.99,
      "unit_type": "kg",
      "saving": 0.0,
      "percent_off": 0.0,
      "deal_type": null,
      "scraped_at": "2026-01-04T23:12:53.964038"
    },
    {
      "store": "PAK'nSAVE",
      "name": "Verkerks Traditional Chorizo\n\nkg",
      "brand": null,
      "price": 36.9,
      "original_price": 36.9,
      "price_per_kg": 36.9,
      "unit_type": "kg",
      "saving": 0.0,
      "percent_off": 0.0,
      "deal_type": null,
      "scraped_at": "2026-01-04T23:12:53.997767"
    },
    {
      "store": "PAK'nSAVE",
      "name": "Farmland Hot Pork Sliced RW Small\n\nkg",
      "brand": null,
      "price": 59.9,
      "original_price": 59.9,
      "price_per_kg": 59.9,
      "unit_type": "kg",
      "saving": 0.0,
      "percent_off": 0.0,
      "deal_type": null,
      "scraped_at": "2026-01-04T23:12:54.024906"
    },
    {
      "store": "PAK'nSAVE",
      "name": "Farmland Small RW Beef Pastrami Sliced\n\nkg",
      "brand": null,
      "price": 59.9,
      "original_price": 59.9,
      "price_per_kg": 59.9,
      "unit_type": "kg",
      "saving": 0.0,
      "percent_off": 0.0,
      "deal_type": null,
      "scraped_at": "2026-01-04T23:12:54.056804"
    },
    {
      "store": "PAK'nSAVE",
      "name": "Whole Trevally\n\nea",
      "brand": null,
      "price": 14.99,
      "original_price": 14.99,
      "price_per_kg": 14.99,
      "unit_type": "kg",
      "saving": 0.0,
      "percent_off": 0.0,
      "deal_type": null,
      "scraped_at": "2026-01-04T23:12:54.088665"
    },
    {
      "store": "PAK'nSAVE",
      "name": "Tuna Steaks\n\nea",
      "brand": null,
      "price": 57.99,
      "original_price": 57.99,
      "price_per_kg": 57.99,
      "unit_type": "kg",
      "saving": 0.0,
      "percent_off": 0.0,
      "deal_type": null,
      "scraped_at": "2026-01-04T23:12:54.120552"
    },
    {
      "store": "PAK'nSAVE",
      "name": "Tegel Free Range Southern Style Chicken Tenders\n\n8pk",
      "brand": null,
      "price": 9.89,
      "original_price": 9.89,
      "price_per_kg": null,
      "unit_type": "ea",
      "saving": 0.0,
      "percent_off": 0.0,
      "deal_type": null,
      "scraped_at": "2026-01-04T23:12:54.152090"
    },
    {
      "store": "PAK'nSAVE",
      "name": "Martinez Chorizo Extra Cured Sausages\n\n120g",
      "brand": null,
      "price": 7.09,
      "original_price": 7.09,
      "price_per_kg": 59.08,
      "unit_type": "ea",
      "saving": 0.0,
      "percent_off": 0.0,
      "deal_type": null,
      "scraped_at": "2026-01-04T23:12:54.179137"
    },
    {
      "store": "PAK'nSAVE",
      "name": "Quorn Meat -Free Sausages\n\n336g",
      "brand": null,
      "price": 10.15,
      "original_price": 10.15,
      "price_per_kg": null,
      "unit_type": "ea",
      "saving": 0.0,
      "percent_off": 0.0,
      "deal_type": null,
      "scraped_at": "2026-01-04T23:12:54.205926"
    },
    {
      "store": "PAK'nSAVE",
      "name": "Steak & Onion Meatballs\n\nkg",
      "brand": null,
      "price": 20.99,
      "original_price": 20.99,
      "price_per_kg": 20.99,
      "unit_type": "kg",
      "saving": 0.0,
      "percent_off": 0.0,
      "deal_type": null,
      "scraped_at": "2026-01-04T23:12:54.232106"
    },
    {
      "store": "PAK'nSAVE",
      "name": "Fresh Salmon Fillet Pin Out\n\nkg",
      "brand": null,
      "price": 61.99,
      "original_price": 61.99,
      "price_per_kg": 61.99,
      "unit_type": "kg",
      "saving": 0.0,
      "percent_off": 0.0,
      "deal_type": null,
      "scraped_at": "2026-01-04T23:12:54.263486"
    },
    {
      "store": "PAK'nSAVE",
      "name": "Angus Beef Patties\n\nkg",
      "brand": null,
      "price": 20.99,
      "original_price": 20.99,
      "price_per_kg": 20.99,
      "unit_type": "kg",
      "saving": 0.0,
      "percent_off": 0.0,
      "deal_type": null,
      "scraped_at": "2026-01-04T23:12:54.292047"
    },
    {
      "store": "PAK'nSAVE",
      "name": "Frozen Crumbed Gurnard Fillets\n\nkg",
      "brand": null,
      "price": 21.99,
      "original_price": 21.99,
      "price_per_kg": 21.99,
      "unit_type": "kg",
      "saving": 0.0,
      "percent_off": 0.0,
      "deal_type": "EXTRA",
      "scraped_at": "2026-01-04T23:12:54.324809"
    },
    {
      "store": "PAK'nSAVE",
      "name": "Beef Sirloin Steak\n\nkg",
      "brand": null,
      "price": 40.49,
      "original_price": 40.49,
      "price_per_kg": 40.49,
      "unit_type": "kg",
      "saving": 0.0,
      "percent_off": 0.0,
      "deal_type": null,
      "scraped_at": "2026-01-04T23:12:54.372258"
    },
    {
      "store": "PAK'nSAVE",
      "name": "Whole Milk Fish\n\nkg",
      "brand": null,
      "price": 16.49,
      "original_price": 16.49,
      "price_per_kg": 16.49,
      "unit_type": "kg",
      "saving": 0.0,
      "percent_off": 0.0,
      "deal_type": null,
      "scraped_at": "2026-01-04T23:12:54.406949"
    },
    {
      "store": "PAK'nSAVE",
      "name": "Santa Bremor Herring Fillets In Oil\n\n260g",
      "brand": null,
      "price": 7.79,
      "original_price": 7.79,
      "price_per_kg": null,
      "unit_type": "ea",
      "saving": 0.0,
      "percent_off": 0.0,
      "deal_type": null,
      "scraped_at": "2026-01-04T23:12:54.437710"
    },
    {
      "store": "PAK'nSAVE",
      "name": "United Fish Co Baby Octopus\n\n1kg",
      "brand": null,
      "price": 22.09,
      "original_price": 22.09,
      "price_per_kg": 22.09,
      "unit_type": "ea",
      "saving": 0.0,
      "percent_off": 0.0,
      "deal_type": null,
      "scraped_at": "2026-01-04T23:12:54.468549"
    },
    {
      "store": "PAK'nSAVE",
      "name": "Ghiotti Fiesta Espanola\n\n85g",
      "brand": null,
      "price": 12.79,
      "original_price": 12.79,
      "price_per_kg": 150.47,
      "unit_type": "ea",
      "saving": 0.0,
      "percent_off": 0.0,
      "deal_type": null,
      "scraped_at": "2026-01-04T23:12:54.551616"
    },
    {
      "store": "PAK'nSAVE",
      "name": "Crumbed Lamb Schnitzel\n\nkg",
      "brand": null,
      "price": 34.99,
      "original_price": 34.99,
      "price_per_kg": 34.99,
      "unit_type": "kg",
      "saving": 0.0,
      "percent_off": 0.0,
      "deal_type": null,
      "scraped_at": "2026-01-04T23:12:54.579918"
    },
    {
      "store": "PAK'nSAVE",
      "name": "Farmland Small RW Hot Beef Sliced\n\nkg",
      "brand": null,
      "price": 59.9,
      "original_price": 59.9,
      "price_per_kg": 59.9,
      "unit_type": "kg",
      "saving": 0.0,
      "percent_off": 0.0,
      "deal_type": null,
      "scraped_at": "2026-01-04T23:13:10.815658"
    },
    {
      "store": "PAK'nSAVE",
      "name": "Tegel Tempura Battered Chicken Nuggets\n\n400g",
      "brand": null,
      "price": 9.89,
      "original_price": 9.89,
      "price_per_kg": 24.73,
      "unit_type": "ea",
      "saving": 0.0,
      "percent_off": 0.0,
      "deal_type": null,
      "scraped_at": "2026-01-04T23:13:10.845557"
    },
    {
      "store": "PAK'nSAVE",
      "name": "Pork Boneless & Skinless Loin Roast\n\nkg",
      "brand": null,
      "price": 30.99,
      "original_price": 30.99,
      "price_per_kg": 30.99,
      "unit_type": "kg",
      "saving": 0.0,
      "percent_off": 0.0,
      "deal_type": null,
      "scraped_at": "2026-01-04T23:13:10.870945"
    },
    {
      "store": "PAK'nSAVE",
      "name": "Grill Sticks Beef\n\nkg",
      "brand": null,
      "price": 17.99,
      "original_price": 17.99,
      "price_per_kg": 17.99,
      "unit_type": "kg",
      "saving": 0.0,
      "percent_off": 0.0,
      "deal_type": null,
      "scraped_at": "2026-01-04T23:13:10.900866"
    },
    {
      "store": "PAK'nSAVE",
      "name": "PrePacked Deep Sea Cod Fillets\n\nkg",
      "brand": null,
      "price": 29.99,
      "original_price": 29.99,
      "price_per_kg": 29.99,
      "unit_type": "kg",
      "saving": 0.0,
      "percent_off": 0.0,
      "deal_type": null,
      "scraped_at": "2026-01-04T23:13:10.927917"
    },
    {
      "store": "PAK'nSAVE",
      "name": "Sriracha Crab Nuggets\n\nkg",
      "brand": null,
      "price": 21.99,
      "original_price": 21.99,
      "price_per_kg": 21.99,
      "unit_type": "kg",
      "saving": 0.0,
      "percent_off": 0.0,
      "deal_type": null,
      "scraped_at": "2026-01-04T23:13:10.957506"
    },
    {
      "store": "PAK'nSAVE",
      "name": "Sea Cuisine Vannamei 51/60 Cooked Prawn Cutlets\n\n500g",
      "brand": null,
      "price": 15.35,
      "original_price": 15.35,
      "price_per_kg": 30.7,
      "unit_type": "ea",
      "saving": 0.0,
      "percent_off": 0.0,
      "deal_type": null,
      "scraped_at": "2026-01-04T23:13:10.982748"
    },
    {
      "store": "PAK'nSAVE",
      "name": "Prepacked Shrimp Cocktail\n\nkg",
      "brand": null,
      "price": 27.9,
      "original_price": 27.9,
      "price_per_kg": 27.9,
      "unit_type": "kg",
      "saving": 0.0,
      "percent_off": 0.0,
      "deal_type": null,
      "scraped_at": "2026-01-04T23:13:11.008035"
    },
    {
      "store": "PAK'nSAVE",
      "name": "Whole Sole Fish\n\nea",
      "brand": null,
      "price": 17.49,
      "original_price": 17.49,
      "price_per_kg": 17.49,
      "unit_type": "kg",
      "saving": 0.0,
      "percent_off": 0.0,
      "deal_type": null,
      "scraped_at": "2026-01-04T23:13:11.037893"
    },
    {
      "store": "PAK'nSAVE",
      "name": "Roast Pork\n\nkg",
      "brand": null,
      "price": 36.9,
      "original_price": 36.9,
      "price_per_kg": 36.9,
      "unit_type": "kg",
      "saving": 0.0,
      "percent_off": 0.0,
      "deal_type": "EXTRA",
      "scraped_at": "2026-01-04T23:13:11.068924"
    },
    {
      "store": "PAK'nSAVE",
      "name": "Hellers Premium Roast Beef\n\nkg",
      "brand": null,
      "price": 47.9,
      "original_price": 47.9,
      "price_per_kg": 47.9,
      "unit_type": "kg",
      "saving": 0.0,
      "percent_off": 0.0,
      "deal_type": null,
      "scraped_at": "2026-01-04T23:13:11.102980"
    },
    {
      "store": "PAK'nSAVE",
      "name": "Pams Corned Pork Silverside\n\nkg",
      "brand": null,
      "price": 18.79,
      "original_price": 18.79,
      "price_per_kg": 18.79,
      "unit_type": "kg",
      "saving": 0.0,
      "percent_off": 0.0,
      "deal_type": null,
      "scraped_at": "2026-01-04T23:13:11.128251"
    },
    {
      "store": "PAK'nSAVE",
      "name": "Campbells Black Pudding\n\nkg",
      "brand": null,
      "price": 21.99,
      "original_price": 21.99,
      "price_per_kg": 21.99,
      "unit_type": "ea",
      "saving": 0.0,
      "percent_off": 0.0,
      "deal_type": null,
      "scraped_at": "2026-01-04T23:13:11.153933"
    },
    {
      "store": "PAK'nSAVE",
      "name": "Farmlands Teriyaki Pork Loin\n\nkg",
      "brand": null,
      "price": 39.9,
      "original_price": 39.9,
      "price_per_kg": 39.9,
      "unit_type": "kg",
      "saving": 0.0,
      "percent_off": 0.0,
      "deal_type": null,
      "scraped_at": "2026-01-04T23:13:11.185266"
    },
    {
      "store": "PAK'nSAVE",
      "name": "Westhaven New Zealand Littleneck Clams\n\n1kg",
      "brand": null,
      "price": 22.95,
      "original_price": 22.95,
      "price_per_kg": 22.95,
      "unit_type": "ea",
      "saving": 0.0,
      "percent_off": 0.0,
      "deal_type": null,
      "scraped_at": "2026-01-04T23:13:11.215130"
    },
    {
      "store": "PAK'nSAVE",
      "name": "Birds Eye Plant Based Wholemeal Crumb Chicken Style Tenders\n\n300g",
      "brand": null,
      "price": 10.49,
      "original_price": 10.49,
      "price_per_kg": null,
      "unit_type": "ea",
      "saving": 0.0,
      "percent_off": 0.0,
      "deal_type": "EXTRA",
      "scraped_at": "2026-01-04T23:13:11.241544"
    },
    {
      "store": "PAK'nSAVE",
      "name": "Roast Lamb\n\nkg",
      "brand": null,
      "price": 36.9,
      "original_price": 36.9,
      "price_per_kg": 36.9,
      "unit_type": "kg",
      "saving": 0.0,
      "percent_off": 0.0,
      "deal_type": "EXTRA",
      "scraped_at": "2026-01-04T23:13:11.272408"
    },
    {
      "store": "PAK'nSAVE",
      "name": "Grill Sticks Lamb\n\nkg",
      "brand": null,
      "price": 16.99,
      "original_price": 16.99,
      "price_per_kg": 16.99,
      "unit_type": "kg",
      "saving": 0.0,
      "percent_off": 0.0,
      "deal_type": null,
      "scraped_at": "2026-01-04T23:13:11.302118"
    },
    {
      "store": "PAK'nSAVE",
      "name": "Perch Fish Fillets\n\nea",
      "brand": null,
      "price": 29.49,
      "original_price": 29.49,
      "price_per_kg": 29.49,
      "unit_type": "ea",
      "saving": 0.0,
      "percent_off": 0.0,
      "deal_type": null,
      "scraped_at": "2026-01-04T23:13:11.327298"
    },
    {
      "store": "PAK'nSAVE",
      "name": "Pork Grill Sticks\n\nkg",
      "brand": null,
      "price": 12.99,
      "original_price": 12.99,
      "price_per_kg": 12.99,
      "unit_type": "kg",
      "saving": 0.0,
      "percent_off": 0.0,
      "deal_type": null,
      "scraped_at": "2026-01-04T23:13:11.356820"
    },
    {
      "store": "PAK'nSAVE",
      "name": "Beef Flat Iron Steak\n\nkg",
      "brand": null,
      "price": 24.99,
      "original_price": 24.99,
      "price_per_kg": 24.99,
      "unit_type": "kg",
      "saving": 0.0,
      "percent_off": 0.0,
      "deal_type": null,
      "scraped_at": "2026-01-04T23:13:11.386265"
    },
    {
      "store": "PAK'nSAVE",
      "name": "Campbells White Pudding\n\nkg",
      "brand": null,
      "price": 21.99,
      "original_price": 21.99,
      "price_per_kg": 21.99,
      "unit_type": "ea",
      "saving": 0.0,
      "percent_off": 0.0,
      "deal_type": null,
      "scraped_at": "2026-01-04T23:13:11.415984"
    },
    {
      "store": "PAK'nSAVE",
      "name": "Prepacked Dory Fillets\n\nkg",
      "brand": null,
      "price": 59.99,
      "original_price": 59.99,
      "price_per_kg": 59.99,
      "unit_type": "ea",
      "saving": 0.0,
      "percent_off": 0.0,
      "deal_type": null,
      "scraped_at": "2026-01-04T23:13:11.441165"
    },
    {
      "store": "PAK'nSAVE",
      "name": "Chicken Tenderloins\n\nkg",
      "brand": null,
      "price": 21.49,
      "original_price": 21.49,
      "price_per_kg": 21.49,
      "unit_type": "kg",
      "saving": 0.0,
      "percent_off": 0.0,
      "deal_type": null,
      "scraped_at": "2026-01-04T23:13:11.471926"
    },
    {
      "store": "PAK'nSAVE",
      "name": "Tegel Free Range Oven Ready Sage & Onion Roast Fresh Chicken\n\n1.5kg",
      "brand": null,
      "price": 19.49,
      "original_price": 19.49,
      "price_per_kg": 12.99,
      "unit_type": "ea",
      "saving": 0.0,
      "percent_off": 0.0,
      "deal_type": null,
      "scraped_at": "2026-01-04T23:13:11.501345"
    },
    {
      "store": "PAK'nSAVE",
      "name": "Tegel Free Range Oven Ready Homestyle Fresh Chicken\n\n1.5kg",
      "brand": null,
      "price": 19.49,
      "original_price": 19.49,
      "price_per_kg": 12.99,
      "unit_type": "ea",
      "saving": 0.0,
      "percent_off": 0.0,
      "deal_type": null,
      "scraped_at": "2026-01-04T23:13:11.527030"
    },
    {
      "store": "PAK'nSAVE",
      "name": "Fish\n\nea",
      "brand": null,
      "price": 57.99,
      "original_price": 57.99,
      "price_per_kg": 57.99,
      "unit_type": "kg",
      "saving": 0.0,
      "percent_off": 0.0,
      "deal_type": null,
      "scraped_at": "2026-01-04T23:13:11.552395"
    },
    {
      "store": "PAK'nSAVE",
      "name": "Hellers Trusty BBQ Pre-Cooked Sausages\n\n500g",
      "brand": null,
      "price": 5.0,
      "original_price": 5.0,
      "price_per_kg": 10.0,
      "unit_type": "ea",
      "saving": 0.0,
      "percent_off": 0.0,
      "deal_type": "EXTRA",
      "scraped_at": "2026-01-04T23:13:11.583349"
    },
    {
      "store": "PAK'nSAVE",
      "name": "Silver Fern Farms Honest Beef & Lamb Burgers With A Hint Of Manuka Smoked Salt\n\n500g",
      "brand": null,
      "price": 13.89,
      "original_price": 13.89,
      "price_per_kg": 27.78,
      "unit_type": "ea",
      "saving": 0.0,
      "percent_off": 0.0,
      "deal_type": "EXTRA",
      "scraped_at": "2026-01-04T23:13:11.614083"
    },
    {
      "store": "PAK'nSAVE",
      "name": "United Fish Co Tangyang Crispy Squid\n\n400g",
      "brand": null,
      "price": 11.55,
      "original_price": 11.55,
      "price_per_kg": 28.88,
      "unit_type": "ea",
      "saving": 0.0,
      "percent_off": 0.0,
      "deal_type": null,
      "scraped_at": "2026-01-04T23:13:11.643654"
    },
    {
      "store": "PAK'nSAVE",
      "name": "Pams Mexican Chicken Kebabs\n\n275g",
      "brand": null,
      "price": 6.29,
      "original_price": 6.29,
      "price_per_kg": 22.87,
      "unit_type": "ea",
      "saving": 0.0,
      "percent_off": 0.0,
      "deal_type": null,
      "scraped_at": "2026-01-04T23:13:11.668877"
    },
    {
      "store": "PAK'nSAVE",
      "name": "Pams Satay Chicken Kebabs\n\n275g",
      "brand": null,
      "price": 6.29,
      "original_price": 6.29,
      "price_per_kg": 22.87,
      "unit_type": "ea",
      "saving": 0.0,
      "percent_off": 0.0,
      "deal_type": null,
      "scraped_at": "2026-01-04T23:13:11.693863"
    },
    {
      "store": "PAK'nSAVE",
      "name": "Pams Sage & Onion Stuffed Chicken Oven Ready\n\n1.5kg",
      "brand": null,
      "price": 17.29,
      "original_price": 17.29,
      "price_per_kg": 11.53,
      "unit_type": "ea",
      "saving": 0.0,
      "percent_off": 0.0,
      "deal_type": null,
      "scraped_at": "2026-01-04T23:13:11.721023"
    },
    {
      "store": "PAK'nSAVE",
      "name": "Pams Summer Roast Garlic & Lemon Chicken\n\n1.5kg",
      "brand": null,
      "price": 15.05,
      "original_price": 15.05,
      "price_per_kg": 10.03,
      "unit_type": "ea",
      "saving": 0.0,
      "percent_off": 0.0,
      "deal_type": null,
      "scraped_at": "2026-01-04T23:13:11.750474"
    },
    {
      "store": "PAK'nSAVE",
      "name": "Tasmania Bone Out Salmon Fillet\n\nkg",
      "brand": null,
      "price": 61.99,
      "original_price": 61.99,
      "price_per_kg": 61.99,
      "unit_type": "ea",
      "saving": 0.0,
      "percent_off": 0.0,
      "deal_type": null,
      "scraped_at": "2026-01-04T23:13:11.800838"
    },
    {
      "store": "PAK'nSAVE",
      "name": "Silver Fern Farms Beef and Venison with Chilli and Lime Burgers\n\n500g",
      "brand": null,
      "price": 13.89,
      "original_price": 13.89,
      "price_per_kg": 27.78,
      "unit_type": "ea",
      "saving": 0.0,
      "percent_off": 0.0,
      "deal_type": "EXTRA",
      "scraped_at": "2026-01-04T23:13:11.860904"
    },
    {
      "store": "PAK'nSAVE",
      "name": "Pams Spicy BBQ Pork Ribs\n\n600g",
      "brand": null,
      "price": 12.29,
      "original_price": 12.29,
      "price_per_kg": 20.48,
      "unit_type": "ea",
      "saving": 0.0,
      "percent_off": 0.0,
      "deal_type": null,
      "scraped_at": "2026-01-04T23:13:11.890489"
    },
    {
      "store": "PAK'nSAVE",
      "name": "Pams Smoky BBQ Pork Belly Bites\n\n400g",
      "brand": null,
      "price": 11.79,
      "original_price": 11.79,
      "price_per_kg": 29.48,
      "unit_type": "ea",
      "saving": 0.0,
      "percent_off": 0.0,
      "deal_type": null,
      "scraped_at": "2026-01-04T23:13:11.915592"
    },
    {
      "store": "PAK'nSAVE",
      "name": "Pams Chinese Style Pork Belly Bites\n\n400g",
      "brand": null,
      "price": 11.79,
      "original_price": 11.79,
      "price_per_kg": 29.48,
      "unit_type": "ea",
      "saving": 0.0,
      "percent_off": 0.0,
      "deal_type": null,
      "scraped_at": "2026-01-04T23:13:11.940398"
    },
    {
      "store": "PAK'nSAVE",
      "name": "John West Chunk Style Tuna In Olive Oil Blend\n\n12 x 95g",
      "brand": null,
      "price": 18.99,
      "original_price": 18.99,
      "price_per_kg": 16.66,
      "unit_type": "ea",
      "saving": 0.0,
      "percent_off": 0.0,
      "deal_type": null,
      "scraped_at": "2026-01-04T23:13:11.966821"
    },
    {
      "store": "PAK'nSAVE",
      "name": "John West Chunk Style Tuna in Springwater\n\n12 x 95g",
      "brand": null,
      "price": 18.99,
      "original_price": 18.99,
      "price_per_kg": 16.66,
      "unit_type": "ea",
      "saving": 0.0,
      "percent_off": 0.0,
      "deal_type": null,
      "scraped_at": "2026-01-04T23:13:11.991953"
    },
    {
      "store": "PAK'nSAVE",
      "name": "The Smokehouse Smoked Kawakawa Lemon Kingfish\n\nkg",
      "brand": null,
      "price": 45.99,
      "original_price": 45.99,
      "price_per_kg": 45.99,
      "unit_type": "kg",
      "saving": 0.0,
      "percent_off": 0.0,
      "deal_type": null,
      "scraped_at": "2026-01-04T23:13:12.016918"
    },
    {
      "store": "PAK'nSAVE",
      "name": "Tegel Free Range New Zealand Chicken Original Sausages\n\n6pk",
      "brand": null,
      "price": 7.49,
      "original_price": 7.49,
      "price_per_kg": null,
      "unit_type": "ea",
      "saving": 0.0,
      "percent_off": 0.0,
      "deal_type": null,
      "scraped_at": "2026-01-04T23:13:12.135070"
    },
    {
      "store": "PAK'nSAVE",
      "name": "Tegel Free Range New Zealand Chicken Classic Cheese Sausages\n\n6pk",
      "brand": null,
      "price": 7.49,
      "original_price": 7.49,
      "price_per_kg": null,
      "unit_type": "ea",
      "saving": 0.0,
      "percent_off": 0.0,
      "deal_type": null,
      "scraped_at": "2026-01-04T23:13:12.160254"
    },
    {
      "store": "PAK'nSAVE",
      "name": "Tegel Free Range New Zealand Chicken Breakfast Sausages\n\n10pk",
      "brand": null,
      "price": 7.49,
      "original_price": 7.49,
      "price_per_kg": null,
      "unit_type": "ea",
      "saving": 0.0,
      "percent_off": 0.0,
      "deal_type": null,
      "scraped_at": "2026-01-04T23:13:12.185447"
    },
    {
      "store": "PAK'nSAVE",
      "name": "Pams Cocktail Sausages\n\n2kg",
      "brand": null,
      "price": 17.99,
      "original_price": 17.99,
      "price_per_kg": 9.0,
      "unit_type": "ea",
      "saving": 0.0,
      "percent_off": 0.0,
      "deal_type": null,
      "scraped_at": "2026-01-04T23:13:29.802909"
    },
    {
      "store": "PAK'nSAVE",
      "name": "Pams Saveloys\n\n2kg",
      "brand": null,
      "price": 17.99,
      "original_price": 17.99,
      "price_per_kg": 9.0,
      "unit_type": "ea",
      "saving": 0.0,
      "percent_off": 0.0,
      "deal_type": null,
      "scraped_at": "2026-01-04T23:13:29.828388"
    },
    {
      "store": "PAK'nSAVE",
      "name": "Beard Brothers Precooked Sausages\n\n1kg",
      "brand": null,
      "price": 14.19,
      "original_price": 14.19,
      "price_per_kg": 14.19,
      "unit_type": "ea",
      "saving": 0.0,
      "percent_off": 0.0,
      "deal_type": null,
      "scraped_at": "2026-01-04T23:13:29.854046"
    },
    {
      "store": "PAK'nSAVE",
      "name": "Waitoa BBQ Free Range Butterflied Chicken\n\n1.1kg",
      "brand": null,
      "price": 14.99,
      "original_price": 14.99,
      "price_per_kg": 13.63,
      "unit_type": "ea",
      "saving": 0.0,
      "percent_off": 0.0,
      "deal_type": null,
      "scraped_at": "2026-01-04T23:13:29.879150"
    },
    {
      "store": "PAK'nSAVE",
      "name": "United Food Co Prawn Money Bags\n\n450g",
      "brand": null,
      "price": 12.49,
      "original_price": 12.49,
      "price_per_kg": 27.76,
      "unit_type": "ea",
      "saving": 0.0,
      "percent_off": 0.0,
      "deal_type": null,
      "scraped_at": "2026-01-04T23:13:29.908939"
    },
    {
      "store": "PAK'nSAVE",
      "name": "United Food Co Prawn Toast\n\n450g",
      "brand": null,
      "price": 12.49,
      "original_price": 12.49,
      "price_per_kg": 27.76,
      "unit_type": "ea",
      "saving": 0.0,
      "percent_off": 0.0,
      "deal_type": null,
      "scraped_at": "2026-01-04T23:13:29.935611"
    },
    {
      "store": "PAK'nSAVE",
      "name": "Primo Smallgoods Danish Salami\n\n200g",
      "brand": null,
      "price": 10.29,
      "original_price": 10.29,
      "price_per_kg": 51.45,
      "unit_type": "ea",
      "saving": 0.0,
      "percent_off": 0.0,
      "deal_type": null,
      "scraped_at": "2026-01-04T23:13:29.960862"
    },
    {
      "store": "PAK'nSAVE",
      "name": "Primo Smallgoods Hot Sopressa Salami\n\n200g",
      "brand": null,
      "price": 10.29,
      "original_price": 10.29,
      "price_per_kg": 51.45,
      "unit_type": "ea",
      "saving": 0.0,
      "percent_off": 0.0,
      "deal_type": null,
      "scraped_at": "2026-01-04T23:13:29.986000"
    },
    {
      "store": "PAK'nSAVE",
      "name": "Primo Smallgoods Pepperoni Salami\n\n200g",
      "brand": null,
      "price": 10.29,
      "original_price": 10.29,
      "price_per_kg": 51.45,
      "unit_type": "ea",
      "saving": 0.0,
      "percent_off": 0.0,
      "deal_type": null,
      "scraped_at": "2026-01-04T23:13:30.010964"
    },
    {
      "store": "PAK'nSAVE",
      "name": "United Fish Co Baby Octopus\n\n400g",
      "brand": null,
      "price": 9.99,
      "original_price": 9.99,
      "price_per_kg": 24.98,
      "unit_type": "ea",
      "saving": 0.0,
      "percent_off": 0.0,
      "deal_type": null,
      "scraped_at": "2026-01-04T23:13:30.035900"
    },
    {
      "store": "PAK'nSAVE",
      "name": "Hellers Craft Beer & Porter Sausages\n\n6pk",
      "brand": null,
      "price": 9.49,
      "original_price": 9.49,
      "price_per_kg": null,
      "unit_type": "ea",
      "saving": 0.0,
      "percent_off": 0.0,
      "deal_type": "EXTRA",
      "scraped_at": "2026-01-04T23:13:30.066543"
    },
    {
      "store": "PAK'nSAVE",
      "name": "Pams Value Raw Prawn Meat Pieces\n\n500g",
      "brand": null,
      "price": 10.49,
      "original_price": 10.49,
      "price_per_kg": 20.98,
      "unit_type": "ea",
      "saving": 0.0,
      "percent_off": 0.0,
      "deal_type": "EXTRA",
      "scraped_at": "2026-01-04T23:13:30.097352"
    },
    {
      "store": "PAK'nSAVE",
      "name": "Silver Fern Farms Honest Beef Burgers With Smokey Caramelised Onion\n\n500g",
      "brand": null,
      "price": 13.89,
      "original_price": 13.89,
      "price_per_kg": 27.78,
      "unit_type": "ea",
      "saving": 0.0,
      "percent_off": 0.0,
      "deal_type": "EXTRA",
      "scraped_at": "2026-01-04T23:13:30.132288"
    },
    {
      "store": "PAK'nSAVE",
      "name": "Pams Angus Beef Burger Patties\n\n400g",
      "brand": null,
      "price": 12.25,
      "original_price": 12.25,
      "price_per_kg": 30.63,
      "unit_type": "ea",
      "saving": 0.0,
      "percent_off": 0.0,
      "deal_type": null,
      "scraped_at": "2026-01-04T23:13:30.161625"
    },
    {
      "store": "PAK'nSAVE",
      "name": "Beard Brothers Beef & Smokey Bacon Sausages\n\n500g",
      "brand": null,
      "price": 11.55,
      "original_price": 11.55,
      "price_per_kg": 23.1,
      "unit_type": "ea",
      "saving": 0.0,
      "percent_off": 0.0,
      "deal_type": null,
      "scraped_at": "2026-01-04T23:13:30.192405"
    },
    {
      "store": "PAK'nSAVE",
      "name": "Pams Shredded Roast Chicken\n\n260g",
      "brand": null,
      "price": 9.15,
      "original_price": 9.15,
      "price_per_kg": 35.19,
      "unit_type": "ea",
      "saving": 0.0,
      "percent_off": 0.0,
      "deal_type": null,
      "scraped_at": "2026-01-04T23:13:30.217564"
    },
    {
      "store": "PAK'nSAVE",
      "name": "Pams Sliced Cajun Chicken\n\n260g",
      "brand": null,
      "price": 9.15,
      "original_price": 9.15,
      "price_per_kg": 35.19,
      "unit_type": "ea",
      "saving": 0.0,
      "percent_off": 0.0,
      "deal_type": null,
      "scraped_at": "2026-01-04T23:13:30.243280"
    },
    {
      "store": "PAK'nSAVE",
      "name": "Hawkes Bay Sausage Company Pork Sausages\n\nkg",
      "brand": null,
      "price": 15.99,
      "original_price": 15.99,
      "price_per_kg": 15.99,
      "unit_type": "kg",
      "saving": 0.0,
      "percent_off": 0.0,
      "deal_type": null,
      "scraped_at": "2026-01-04T23:13:30.268493"
    },
    {
      "store": "PAK'nSAVE",
      "name": "Hawkes Bay Sausage Company Beef Sausages\n\nkg",
      "brand": null,
      "price": 15.99,
      "original_price": 15.99,
      "price_per_kg": 15.99,
      "unit_type": "kg",
      "saving": 0.0,
      "percent_off": 0.0,
      "deal_type": null,
      "scraped_at": "2026-01-04T23:13:30.293506"
    },
    {
      "store": "PAK'nSAVE",
      "name": "Hawkes Bay Sausage Company Venison Sausages\n\nkg",
      "brand": null,
      "price": 15.99,
      "original_price": 15.99,
      "price_per_kg": 15.99,
      "unit_type": "kg",
      "saving": 0.0,
      "percent_off": 0.0,
      "deal_type": null,
      "scraped_at": "2026-01-04T23:13:30.318597"
    },
    {
      "store": "PAK'nSAVE",
      "name": "Whole Tipapia Fish PPK\n\n1kg",
      "brand": null,
      "price": 14.99,
      "original_price": 14.99,
      "price_per_kg": 14.99,
      "unit_type": "ea",
      "saving": 0.0,
      "percent_off": 0.0,
      "deal_type": null,
      "scraped_at": "2026-01-04T23:13:30.343401"
    },
    {
      "store": "PAK'nSAVE",
      "name": "United Fish Co Whole Sanma 60-70g\n\n1kg",
      "brand": null,
      "price": 18.49,
      "original_price": 18.49,
      "price_per_kg": 18.49,
      "unit_type": "ea",
      "saving": 0.0,
      "percent_off": 0.0,
      "deal_type": null,
      "scraped_at": "2026-01-04T23:13:30.504043"
    },
    {
      "store": "PAK'nSAVE",
      "name": "On The Menu Pub Faves Roast Beef\n\n320g",
      "brand": null,
      "price": 7.99,
      "original_price": 7.99,
      "price_per_kg": null,
      "unit_type": "ea",
      "saving": 0.0,
      "percent_off": 0.0,
      "deal_type": null,
      "scraped_at": "2026-01-04T23:13:30.533373"
    },
    {
      "store": "PAK'nSAVE",
      "name": "Hellers Craft Shredded Kentucky Chicken\n\n250g",
      "brand": null,
      "price": 9.99,
      "original_price": 9.99,
      "price_per_kg": 39.96,
      "unit_type": "ea",
      "saving": 0.0,
      "percent_off": 0.0,
      "deal_type": "EXTRA",
      "scraped_at": "2026-01-04T23:13:30.559497"
    },
    {
      "store": "PAK'nSAVE",
      "name": "United Fish Co Whole Sardines\n\n1kg",
      "brand": null,
      "price": 9.99,
      "original_price": 9.99,
      "price_per_kg": 9.99,
      "unit_type": "ea",
      "saving": 0.0,
      "percent_off": 0.0,
      "deal_type": null,
      "scraped_at": "2026-01-04T23:13:30.589001"
    },
    {
      "store": "PAK'nSAVE",
      "name": "Harris Farms Lamb Mince\n\n450g",
      "brand": null,
      "price": 11.49,
      "original_price": 11.49,
      "price_per_kg": 25.53,
      "unit_type": "ea",
      "saving": 0.0,
      "percent_off": 0.0,
      "deal_type": null,
      "scraped_at": "2026-01-04T23:13:30.618523"
    },
    {
      "store": "PAK'nSAVE",
      "name": "Champmar Whole Raw Vannamei 20/30 Count Prawns\n\n1kg",
      "brand": null,
      "price": 27.99,
      "original_price": 27.99,
      "price_per_kg": 27.99,
      "unit_type": "ea",
      "saving": 0.0,
      "percent_off": 0.0,
      "deal_type": null,
      "scraped_at": "2026-01-04T23:13:30.643506"
    },
    {
      "store": "PAK'nSAVE",
      "name": "Hawkes Bay Sausage Company Beef Sage & Onion Sausages\n\nkg",
      "brand": null,
      "price": 15.99,
      "original_price": 15.99,
      "price_per_kg": 15.99,
      "unit_type": "kg",
      "saving": 0.0,
      "percent_off": 0.0,
      "deal_type": null,
      "scraped_at": "2026-01-04T23:13:30.673069"
    },
    {
      "store": "PAK'nSAVE",
      "name": "Hawkes Bay Sausage Company Lamb & Mint Sausages\n\nkg",
      "brand": null,
      "price": 15.99,
      "original_price": 15.99,
      "price_per_kg": 15.99,
      "unit_type": "kg",
      "saving": 0.0,
      "percent_off": 0.0,
      "deal_type": null,
      "scraped_at": "2026-01-04T23:13:30.698083"
    },
    {
      "store": "PAK'nSAVE",
      "name": "Frozen Mackerel\n\nkg",
      "brand": null,
      "price": 11.99,
      "original_price": 11.99,
      "price_per_kg": 11.99,
      "unit_type": "ea",
      "saving": 0.0,
      "percent_off": 0.0,
      "deal_type": null,
      "scraped_at": "2026-01-04T23:13:30.724578"
    },
    {
      "store": "PAK'nSAVE",
      "name": "Southern Ocean New Zealand King Salmon Pieces\n\n150g",
      "brand": null,
      "price": 13.29,
      "original_price": 13.29,
      "price_per_kg": 88.6,
      "unit_type": "ea",
      "saving": 0.0,
      "percent_off": 0.0,
      "deal_type": null,
      "scraped_at": "2026-01-04T23:13:30.754276"
    },
    {
      "store": "Woolworths",
      "name": "Woolworths NZ Chicken Breast Skinless Boneless Min Order 1kg",
      "brand": "Woolworths",
      "price": 14.99,
      "original_price": 14.99,
      "price_per_kg": null,
      "unit_type": "ea",
      "saving": 0.0,
      "percent_off": 0.0,
      "deal_type": null,
      "scraped_at": "2026-01-04T23:14:05.262559"
    },
    {
      "store": "Woolworths",
      "name": "Woolworths Pork & Beef Mince Prepacked 300g",
      "brand": "Woolworths",
      "price": 8.5,
      "original_price": 8.5,
      "price_per_kg": null,
      "unit_type": "ea",
      "saving": 0.0,
      "percent_off": 0.0,
      "deal_type": null,
      "scraped_at": "2026-01-04T23:14:05.280257"
    },
    {
      "store": "Woolworths",
      "name": "Woolworths NZ Beef Mince Grass Fed 18% Fat Tray 1kg",
      "brand": "Woolworths",
      "price": 21.9,
      "original_price": 21.9,
      "price_per_kg": null,
      "unit_type": "ea",
      "saving": 0.0,
      "percent_off": 0.0,
      "deal_type": null,
      "scraped_at": "2026-01-04T23:14:05.297500"
    },
    {
      "store": "Woolworths",
      "name": "Woolworths NZ Beef Mince Grass Fed 5% Fat Tray 500g",
      "brand": "Woolworths",
      "price": 16.9,
      "original_price": 16.9,
      "price_per_kg": null,
      "unit_type": "ea",
      "saving": 0.0,
      "percent_off": 0.0,
      "deal_type": null,
      "scraped_at": "2026-01-04T23:14:05.314253"
    },
    {
      "store": "Woolworths",
      "name": "Woolworths NZ Chicken Breast Skinless Boneless 0.6-0.8kg",
      "brand": "Woolworths",
      "price": 15.8,
      "original_price": 15.8,
      "price_per_kg": null,
      "unit_type": "ea",
      "saving": 0.0,
      "percent_off": 0.0,
      "deal_type": null,
      "scraped_at": "2026-01-04T23:14:05.331761"
    },
    {
      "store": "Woolworths",
      "name": "Woolworths NZ Beef Mince Grass Fed 18% Fat Tray 500g",
      "brand": "Woolworths",
      "price": 12.9,
      "original_price": 12.9,
      "price_per_kg": null,
      "unit_type": "ea",
      "saving": 0.0,
      "percent_off": 0.0,
      "deal_type": null,
      "scraped_at": "2026-01-04T23:14:05.348396"
    },
    {
      "store": "Woolworths",
      "name": "Woolworths NZ Chicken Thighs Skinless Boneless 1.0kg - 1.35kg",
      "brand": "Woolworths",
      "price": 25.99,
      "original_price": 25.99,
      "price_per_kg": null,
      "unit_type": "ea",
      "saving": 0.0,
      "percent_off": 0.0,
      "deal_type": null,
      "scraped_at": "2026-01-04T23:14:05.365222"
    },
    {
      "store": "Woolworths",
      "name": "Waitoa Free Range Chicken Whole Butterfly Honey & Rosemary Each 1.1kg",
      "brand": null,
      "price": 15.0,
      "original_price": 15.0,
      "price_per_kg": null,
      "unit_type": "ea",
      "saving": 0.0,
      "percent_off": 0.0,
      "deal_type": null,
      "scraped_at": "2026-01-04T23:14:05.381875"
    },
    {
      "store": "Woolworths",
      "name": "Woolworths NZ Diced Chicken 400g",
      "brand": "Woolworths",
      "price": 8.0,
      "original_price": 8.0,
      "price_per_kg": null,
      "unit_type": "ea",
      "saving": 0.0,
      "percent_off": 0.0,
      "deal_type": null,
      "scraped_at": "2026-01-04T23:14:05.398198"
    },
    {
      "store": "Woolworths",
      "name": "Woolworths NZ Beef Mince Prime Grass Fed 13% Fat Tray 750g",
      "brand": "Woolworths",
      "price": 17.9,
      "original_price": 19.9,
      "price_per_kg": null,
      "unit_type": "ea",
      "saving": 2.0,
      "percent_off": 10.1,
      "deal_type": null,
      "scraped_at": "2026-01-04T23:14:05.411053"
    },
    {
      "store": "Woolworths",
      "name": "Woolworths NZ Chicken Drumsticks 0.9-1.5kg 7-11pc",
      "brand": "Woolworths",
      "price": 8.0,
      "original_price": 8.0,
      "price_per_kg": null,
      "unit_type": "ea",
      "saving": 0.0,
      "percent_off": 0.0,
      "deal_type": null,
      "scraped_at": "2026-01-04T23:14:05.427450"
    },
    {
      "store": "Woolworths",
      "name": "Woolworths Sausages Classic Beef 450g Tray 6pack",
      "brand": "Woolworths",
      "price": 8.5,
      "original_price": 8.5,
      "price_per_kg": null,
      "unit_type": "ea",
      "saving": 0.0,
      "percent_off": 0.0,
      "deal_type": null,
      "scraped_at": "2026-01-04T23:14:05.443942"
    },
    {
      "store": "Woolworths",
      "name": "Turks Free Range Chicken Breast Skinless Fillet 450g",
      "brand": null,
      "price": 9.9,
      "original_price": 9.9,
      "price_per_kg": null,
      "unit_type": "ea",
      "saving": 0.0,
      "percent_off": 0.0,
      "deal_type": null,
      "scraped_at": "2026-01-04T23:14:05.461552"
    },
    {
      "store": "Woolworths",
      "name": "Woolworths NZ Chicken Thighs Skinless Boneless 580g - 800g",
      "brand": "Woolworths",
      "price": 25.99,
      "original_price": 25.99,
      "price_per_kg": null,
      "unit_type": "ea",
      "saving": 0.0,
      "percent_off": 0.0,
      "deal_type": null,
      "scraped_at": "2026-01-04T23:14:05.477919"
    },
    {
      "store": "Woolworths",
      "name": "Woolworths Chicken Tenderloins NZ Small Pack",
      "brand": "Woolworths",
      "price": 22.2,
      "original_price": 22.2,
      "price_per_kg": null,
      "unit_type": "ea",
      "saving": 0.0,
      "percent_off": 0.0,
      "deal_type": null,
      "scraped_at": "2026-01-04T23:14:05.495098"
    },
    {
      "store": "Woolworths",
      "name": "Hellers Sausages Precooked 800g 12pack",
      "brand": null,
      "price": 10.0,
      "original_price": 10.0,
      "price_per_kg": null,
      "unit_type": "ea",
      "saving": 0.0,
      "percent_off": 0.0,
      "deal_type": null,
      "scraped_at": "2026-01-04T23:14:05.511245"
    },
    {
      "store": "Woolworths",
      "name": "Woolworths Oven Ready Chicken Whole Sage & Onion Each 1.5kg",
      "brand": "Woolworths",
      "price": 18.5,
      "original_price": 18.5,
      "price_per_kg": null,
      "unit_type": "ea",
      "saving": 0.0,
      "percent_off": 0.0,
      "deal_type": null,
      "scraped_at": "2026-01-04T23:14:05.527285"
    },
    {
      "store": "Woolworths",
      "name": "Macro Free Range NZ Chicken Breast Min Order 560g",
      "brand": null,
      "price": 26.5,
      "original_price": 26.5,
      "price_per_kg": null,
      "unit_type": "ea",
      "saving": 0.0,
      "percent_off": 0.0,
      "deal_type": null,
      "scraped_at": "2026-01-04T23:14:05.543145"
    },
    {
      "store": "Woolworths",
      "name": "Woolworths Cook NZ Chicken Kebabs Honey Soy 5pack",
      "brand": "Woolworths",
      "price": 8.5,
      "original_price": 8.5,
      "price_per_kg": null,
      "unit_type": "ea",
      "saving": 0.0,
      "percent_off": 0.0,
      "deal_type": null,
      "scraped_at": "2026-01-04T23:14:05.559205"
    },
    {
      "store": "Woolworths",
      "name": "Woolworths Cook NZ Chicken Kebabs Satay Tray 5pack",
      "brand": "Woolworths",
      "price": 8.5,
      "original_price": 8.5,
      "price_per_kg": null,
      "unit_type": "ea",
      "saving": 0.0,
      "percent_off": 0.0,
      "deal_type": null,
      "scraped_at": "2026-01-04T23:14:05.575376"
    },
    {
      "store": "Woolworths",
      "name": "Bostocks Organic Boneless Chicken Breast Free Range 450g",
      "brand": null,
      "price": 15.0,
      "original_price": 15.0,
      "price_per_kg": null,
      "unit_type": "ea",
      "saving": 0.0,
      "percent_off": 0.0,
      "deal_type": null,
      "scraped_at": "2026-01-04T23:14:05.591158"
    },
    {
      "store": "Woolworths",
      "name": "Woolworths NZ Beef Rump Steak Grass Fed 1pce",
      "brand": "Woolworths",
      "price": 34.9,
      "original_price": 34.9,
      "price_per_kg": null,
      "unit_type": "ea",
      "saving": 0.0,
      "percent_off": 0.0,
      "deal_type": null,
      "scraped_at": "2026-01-04T23:14:05.607513"
    },
    {
      "store": "Woolworths",
      "name": "First Light Beef Mince Wagyu 400g",
      "brand": null,
      "price": 10.7,
      "original_price": 12.45,
      "price_per_kg": null,
      "unit_type": "ea",
      "saving": 1.75,
      "percent_off": 14.1,
      "deal_type": null,
      "scraped_at": "2026-01-04T23:14:05.620037"
    },
    {
      "store": "Woolworths",
      "name": "Woolworths NZ Chicken Mince Breast 3% Fat Barn Raised Tray 400g",
      "brand": "Woolworths",
      "price": 8.0,
      "original_price": 8.0,
      "price_per_kg": null,
      "unit_type": "ea",
      "saving": 0.0,
      "percent_off": 0.0,
      "deal_type": null,
      "scraped_at": "2026-01-04T23:14:05.636581"
    },
    {
      "store": "Woolworths",
      "name": "Woolworths Chicken Whole 1.9kg",
      "brand": "Woolworths",
      "price": 17.0,
      "original_price": 17.0,
      "price_per_kg": null,
      "unit_type": "ea",
      "saving": 0.0,
      "percent_off": 0.0,
      "deal_type": null,
      "scraped_at": "2026-01-04T23:14:05.652452"
    },
    {
      "store": "Woolworths",
      "name": "Woolworths Cocktail Sausages Prepacked 500g",
      "brand": "Woolworths",
      "price": 8.5,
      "original_price": 8.5,
      "price_per_kg": null,
      "unit_type": "ea",
      "saving": 0.0,
      "percent_off": 0.0,
      "deal_type": null,
      "scraped_at": "2026-01-04T23:14:05.668564"
    },
    {
      "store": "Woolworths",
      "name": "Woolworths Frankfurters Prepacked 500g",
      "brand": "Woolworths",
      "price": 8.5,
      "original_price": 8.5,
      "price_per_kg": null,
      "unit_type": "ea",
      "saving": 0.0,
      "percent_off": 0.0,
      "deal_type": null,
      "scraped_at": "2026-01-04T23:14:05.684683"
    },
    {
      "store": "Woolworths",
      "name": "Woolworths NZ Pork Mince Free Farmed 13% Fat Tray 500g",
      "brand": "Woolworths",
      "price": 10.9,
      "original_price": 10.9,
      "price_per_kg": null,
      "unit_type": "ea",
      "saving": 0.0,
      "percent_off": 0.0,
      "deal_type": null,
      "scraped_at": "2026-01-04T23:14:05.700743"
    },
    {
      "store": "Woolworths",
      "name": "Macro Free Range NZ Diced Chicken Tray 400g",
      "brand": null,
      "price": 9.2,
      "original_price": 9.2,
      "price_per_kg": null,
      "unit_type": "ea",
      "saving": 0.0,
      "percent_off": 0.0,
      "deal_type": null,
      "scraped_at": "2026-01-04T23:14:05.716471"
    },
    {
      "store": "Woolworths",
      "name": "Woolworths Chicken Whole Each 1.35kg",
      "brand": "Woolworths",
      "price": 14.8,
      "original_price": 14.8,
      "price_per_kg": null,
      "unit_type": "ea",
      "saving": 0.0,
      "percent_off": 0.0,
      "deal_type": null,
      "scraped_at": "2026-01-04T23:14:05.732572"
    },
    {
      "store": "Woolworths",
      "name": "Tegel Free Range Quick Cook Chicken Steaks Chargrilled 4pk 400g",
      "brand": null,
      "price": 9.0,
      "original_price": 9.0,
      "price_per_kg": null,
      "unit_type": "ea",
      "saving": 0.0,
      "percent_off": 0.0,
      "deal_type": null,
      "scraped_at": "2026-01-04T23:14:05.748397"
    },
    {
      "store": "Woolworths",
      "name": "Woolworths Oven Ready Chicken Whole Country Style Each 1.5kg",
      "brand": "Woolworths",
      "price": 18.5,
      "original_price": 18.5,
      "price_per_kg": null,
      "unit_type": "ea",
      "saving": 0.0,
      "percent_off": 0.0,
      "deal_type": null,
      "scraped_at": "2026-01-04T23:14:05.764549"
    },
    {
      "store": "Woolworths",
      "name": "Woolworths Lamb Leg Frozen Bone In 2.5 - 3.5kg",
      "brand": "Woolworths",
      "price": 22.95,
      "original_price": 22.95,
      "price_per_kg": null,
      "unit_type": "ea",
      "saving": 0.0,
      "percent_off": 0.0,
      "deal_type": null,
      "scraped_at": "2026-01-04T23:14:05.780382"
    },
    {
      "store": "Woolworths",
      "name": "Woolworths NZ Chicken Breast Steaks 0.32 - 0.4kg",
      "brand": "Woolworths",
      "price": 24.0,
      "original_price": 24.0,
      "price_per_kg": null,
      "unit_type": "ea",
      "saving": 0.0,
      "percent_off": 0.0,
      "deal_type": null,
      "scraped_at": "2026-01-04T23:14:05.796060"
    },
    {
      "store": "Woolworths",
      "name": "Woolworths Cook NZ Diced Chicken Breast Satay Prepacked 300g",
      "brand": "Woolworths",
      "price": 8.5,
      "original_price": 8.5,
      "price_per_kg": null,
      "unit_type": "ea",
      "saving": 0.0,
      "percent_off": 0.0,
      "deal_type": null,
      "scraped_at": "2026-01-04T23:14:05.812123"
    },
    {
      "store": "Woolworths",
      "name": "Woolworths Cook NZ Butterflied Chicken Garlic & Herb 1.1kg",
      "brand": "Woolworths",
      "price": 9.9,
      "original_price": 13.4,
      "price_per_kg": null,
      "unit_type": "ea",
      "saving": 3.5,
      "percent_off": 26.1,
      "deal_type": null,
      "scraped_at": "2026-01-04T23:14:05.824644"
    },
    {
      "store": "Woolworths",
      "name": "Woolworths Sausages Classic Pork 450g Tray 6pack",
      "brand": "Woolworths",
      "price": 8.5,
      "original_price": 8.5,
      "price_per_kg": null,
      "unit_type": "ea",
      "saving": 0.0,
      "percent_off": 0.0,
      "deal_type": null,
      "scraped_at": "2026-01-04T23:14:05.840329"
    },
    {
      "store": "Woolworths",
      "name": "Macro Free Range NZ Chicken Thighs Fillets Min Order 550g",
      "brand": null,
      "price": 31.0,
      "original_price": 31.0,
      "price_per_kg": null,
      "unit_type": "ea",
      "saving": 0.0,
      "percent_off": 0.0,
      "deal_type": null,
      "scraped_at": "2026-01-04T23:14:05.856027"
    },
    {
      "store": "Woolworths",
      "name": "Bostocks Organic Chicken Thighs 450g",
      "brand": null,
      "price": 17.0,
      "original_price": 17.0,
      "price_per_kg": null,
      "unit_type": "ea",
      "saving": 0.0,
      "percent_off": 0.0,
      "deal_type": null,
      "scraped_at": "2026-01-04T23:14:05.871894"
    },
    {
      "store": "Woolworths",
      "name": "Woolworths NZ Beef Stir Fry Premium Grass Fed 400g Tray",
      "brand": "Woolworths",
      "price": 13.5,
      "original_price": 13.5,
      "price_per_kg": null,
      "unit_type": "ea",
      "saving": 0.0,
      "percent_off": 0.0,
      "deal_type": null,
      "scraped_at": "2026-01-04T23:14:05.887631"
    },
    {
      "store": "Woolworths",
      "name": "Woolworths Beef Schnitzel",
      "brand": "Woolworths",
      "price": 27.9,
      "original_price": 27.9,
      "price_per_kg": null,
      "unit_type": "ea",
      "saving": 0.0,
      "percent_off": 0.0,
      "deal_type": null,
      "scraped_at": "2026-01-04T23:14:05.903867"
    },
    {
      "store": "Woolworths",
      "name": "Woolworths Cook NZ Beef Steak Sirloin Garlic/Herb Butter 400g Tray 2pack",
      "brand": "Woolworths",
      "price": 21.5,
      "original_price": 21.5,
      "price_per_kg": null,
      "unit_type": "ea",
      "saving": 0.0,
      "percent_off": 0.0,
      "deal_type": null,
      "scraped_at": "2026-01-04T23:14:05.919643"
    },
    {
      "store": "Woolworths",
      "name": "Woolworths NZ Beef Sirloin Steak Porterhouse Grass Fed 2pce",
      "brand": "Woolworths",
      "price": 48.9,
      "original_price": 48.9,
      "price_per_kg": null,
      "unit_type": "ea",
      "saving": 0.0,
      "percent_off": 0.0,
      "deal_type": null,
      "scraped_at": "2026-01-04T23:14:05.935327"
    },
    {
      "store": "Woolworths",
      "name": "Macro Free Range NZ Chicken Breast Steaks Per Kg",
      "brand": null,
      "price": 26.0,
      "original_price": 26.0,
      "price_per_kg": null,
      "unit_type": "ea",
      "saving": 0.0,
      "percent_off": 0.0,
      "deal_type": null,
      "scraped_at": "2026-01-04T23:14:05.950989"
    },
    {
      "store": "Woolworths",
      "name": "Woolworths NZ Beef Mince Grass Fed 5% Fat Tray 1kg",
      "brand": "Woolworths",
      "price": 30.9,
      "original_price": 30.9,
      "price_per_kg": null,
      "unit_type": "ea",
      "saving": 0.0,
      "percent_off": 0.0,
      "deal_type": null,
      "scraped_at": "2026-01-04T23:14:05.966968"
    },
    {
      "store": "Woolworths",
      "name": "Hellers Sausages Precooked Chunky Cheese Prepacked 1kg Pack",
      "brand": null,
      "price": 12.0,
      "original_price": 12.0,
      "price_per_kg": null,
      "unit_type": "ea",
      "saving": 0.0,
      "percent_off": 0.0,
      "deal_type": null,
      "scraped_at": "2026-01-04T23:14:05.982572"
    },
    {
      "store": "Woolworths",
      "name": "Woolworths NZ Chicken Thigh Cutlets Skinless Bone In 900g - 1.1kg",
      "brand": "Woolworths",
      "price": 14.9,
      "original_price": 16.9,
      "price_per_kg": null,
      "unit_type": "ea",
      "saving": 1.9999999999999984,
      "percent_off": 11.8,
      "deal_type": null,
      "scraped_at": "2026-01-04T23:14:05.995138"
    },
    {
      "store": "Woolworths",
      "name": "Woolworths NZ Chicken Breasts Skin On 1.7 - 2.1kg",
      "brand": "Woolworths",
      "price": 14.6,
      "original_price": 14.6,
      "price_per_kg": null,
      "unit_type": "ea",
      "saving": 0.0,
      "percent_off": 0.0,
      "deal_type": null,
      "scraped_at": "2026-01-04T23:14:06.010716"
    },
    {
      "store": "Woolworths",
      "name": "Woolworths NZ Chicken Thighs Bone In Skin On 1.3-1.9kg",
      "brand": "Woolworths",
      "price": 12.3,
      "original_price": 12.3,
      "price_per_kg": null,
      "unit_type": "ea",
      "saving": 0.0,
      "percent_off": 0.0,
      "deal_type": null,
      "scraped_at": "2026-01-04T23:14:21.231396"
    },
    {
      "store": "Woolworths",
      "name": "Woolworths Whole NZ Lamb Leg Bone In Grass Fed 2.5 - 3.5kg",
      "brand": "Woolworths",
      "price": 26.95,
      "original_price": 26.95,
      "price_per_kg": null,
      "unit_type": "ea",
      "saving": 0.0,
      "percent_off": 0.0,
      "deal_type": null,
      "scraped_at": "2026-01-04T23:14:21.249669"
    },
    {
      "store": "Woolworths",
      "name": "Woolworths NZ Beef Scotch Fillet Steak Rib Eye Min Order 500g",
      "brand": "Woolworths",
      "price": 53.9,
      "original_price": 53.9,
      "price_per_kg": null,
      "unit_type": "ea",
      "saving": 0.0,
      "percent_off": 0.0,
      "deal_type": null,
      "scraped_at": "2026-01-04T23:14:21.267205"
    },
    {
      "store": "Woolworths",
      "name": "Woolworths NZ Chicken Nibbles NZ 1.0kg - 1.2kg",
      "brand": "Woolworths",
      "price": 13.2,
      "original_price": 13.2,
      "price_per_kg": null,
      "unit_type": "ea",
      "saving": 0.0,
      "percent_off": 0.0,
      "deal_type": null,
      "scraped_at": "2026-01-04T23:14:21.283329"
    },
    {
      "store": "Woolworths",
      "name": "Woolworths NZ Beef Meatballs 20 Pack Tray 400g",
      "brand": "Woolworths",
      "price": 9.9,
      "original_price": 9.9,
      "price_per_kg": null,
      "unit_type": "ea",
      "saving": 0.0,
      "percent_off": 0.0,
      "deal_type": null,
      "scraped_at": "2026-01-04T23:14:21.299558"
    },
    {
      "store": "Woolworths",
      "name": "Woolworths Free Farmed Bone In Pork Shoulder Roast NZ",
      "brand": "Woolworths",
      "price": 12.95,
      "original_price": 12.95,
      "price_per_kg": null,
      "unit_type": "ea",
      "saving": 0.0,
      "percent_off": 0.0,
      "deal_type": null,
      "scraped_at": "2026-01-04T23:14:21.315966"
    },
    {
      "store": "Woolworths",
      "name": "Woolworths Sausages Pork Italian Style 450g Tray 6pack",
      "brand": "Woolworths",
      "price": 8.5,
      "original_price": 8.5,
      "price_per_kg": null,
      "unit_type": "ea",
      "saving": 0.0,
      "percent_off": 0.0,
      "deal_type": null,
      "scraped_at": "2026-01-04T23:14:21.332230"
    },
    {
      "store": "Woolworths",
      "name": "Woolworths Sausages Thin Beef 500g Tray 9pack",
      "brand": "Woolworths",
      "price": 8.5,
      "original_price": 8.5,
      "price_per_kg": null,
      "unit_type": "ea",
      "saving": 0.0,
      "percent_off": 0.0,
      "deal_type": null,
      "scraped_at": "2026-01-04T23:14:21.348047"
    },
    {
      "store": "Woolworths",
      "name": "Hellers Ham Boneless Honey Baked Min Order 1.2kg",
      "brand": null,
      "price": 18.99,
      "original_price": 18.99,
      "price_per_kg": null,
      "unit_type": "ea",
      "saving": 0.0,
      "percent_off": 0.0,
      "deal_type": null,
      "scraped_at": "2026-01-04T23:14:21.364757"
    },
    {
      "store": "Woolworths",
      "name": "Macro Free Range NZ Chicken Mince Breast Tray 400g",
      "brand": null,
      "price": 7.8,
      "original_price": 7.8,
      "price_per_kg": null,
      "unit_type": "ea",
      "saving": 0.0,
      "percent_off": 0.0,
      "deal_type": null,
      "scraped_at": "2026-01-04T23:14:21.380657"
    },
    {
      "store": "Woolworths",
      "name": "Woolworths NZ Lamb Shoulder Chops Grass Fed 0.4-1.1kg 4pcs",
      "brand": "Woolworths",
      "price": 15.9,
      "original_price": 23.95,
      "price_per_kg": null,
      "unit_type": "ea",
      "saving": 8.049999999999999,
      "percent_off": 33.6,
      "deal_type": null,
      "scraped_at": "2026-01-04T23:14:21.393525"
    },
    {
      "store": "Woolworths",
      "name": "Tegel Take Outs Chicken Burgers Louisiana Style Free Range 4pack",
      "brand": null,
      "price": 10.0,
      "original_price": 10.0,
      "price_per_kg": null,
      "unit_type": "ea",
      "saving": 0.0,
      "percent_off": 0.0,
      "deal_type": null,
      "scraped_at": "2026-01-04T23:14:21.410550"
    },
    {
      "store": "Woolworths",
      "name": "Macro Free Range NZ Chicken Thigh Cutlets Min Order 500g",
      "brand": null,
      "price": 21.5,
      "original_price": 21.5,
      "price_per_kg": null,
      "unit_type": "ea",
      "saving": 0.0,
      "percent_off": 0.0,
      "deal_type": null,
      "scraped_at": "2026-01-04T23:14:21.426744"
    },
    {
      "store": "Woolworths",
      "name": "Hellers Sausages London Pride 6pack",
      "brand": null,
      "price": 9.85,
      "original_price": 10.95,
      "price_per_kg": null,
      "unit_type": "ea",
      "saving": 1.0999999999999996,
      "percent_off": 10.0,
      "deal_type": null,
      "scraped_at": "2026-01-04T23:14:21.439118"
    },
    {
      "store": "Woolworths",
      "name": "Hellers Family Franks 6pack 360g",
      "brand": null,
      "price": 5.7,
      "original_price": 5.7,
      "price_per_kg": null,
      "unit_type": "ea",
      "saving": 0.0,
      "percent_off": 0.0,
      "deal_type": null,
      "scraped_at": "2026-01-04T23:14:21.455803"
    },
    {
      "store": "Woolworths",
      "name": "Woolworths Cook NZ Chicken Breast Strips Lemongrass Prepacked 300g",
      "brand": "Woolworths",
      "price": 8.5,
      "original_price": 8.5,
      "price_per_kg": null,
      "unit_type": "ea",
      "saving": 0.0,
      "percent_off": 0.0,
      "deal_type": null,
      "scraped_at": "2026-01-04T23:14:21.472553"
    },
    {
      "store": "Woolworths",
      "name": "Woolworths Cook NZ Lamb Chops Shoulder Oriental Mint 0.6-1.3kg 4pcs",
      "brand": "Woolworths",
      "price": 15.9,
      "original_price": 23.95,
      "price_per_kg": null,
      "unit_type": "ea",
      "saving": 8.049999999999999,
      "percent_off": 33.6,
      "deal_type": null,
      "scraped_at": "2026-01-04T23:14:21.485390"
    },
    {
      "store": "Woolworths",
      "name": "Waitoa Free Range Butterfly Chicken The Chicken Rub 1.1kg",
      "brand": null,
      "price": 15.0,
      "original_price": 15.0,
      "price_per_kg": null,
      "unit_type": "ea",
      "saving": 0.0,
      "percent_off": 0.0,
      "deal_type": null,
      "scraped_at": "2026-01-04T23:14:21.501319"
    },
    {
      "store": "Woolworths",
      "name": "Woolworths Boneless Ham Honey Baked Min Order 900g",
      "brand": "Woolworths",
      "price": 18.7,
      "original_price": 18.7,
      "price_per_kg": null,
      "unit_type": "ea",
      "saving": 0.0,
      "percent_off": 0.0,
      "deal_type": null,
      "scraped_at": "2026-01-04T23:14:21.517107"
    },
    {
      "store": "Woolworths",
      "name": "Hellers Burger Patties Mini Beef 300g",
      "brand": null,
      "price": 8.5,
      "original_price": 8.5,
      "price_per_kg": null,
      "unit_type": "ea",
      "saving": 0.0,
      "percent_off": 0.0,
      "deal_type": null,
      "scraped_at": "2026-01-04T23:14:21.532920"
    },
    {
      "store": "Woolworths",
      "name": "Woolworths NZ Angus Beef Mince Grass Fed 10% Fat Tray 500g",
      "brand": "Woolworths",
      "price": 15.9,
      "original_price": 15.9,
      "price_per_kg": null,
      "unit_type": "ea",
      "saving": 0.0,
      "percent_off": 0.0,
      "deal_type": null,
      "scraped_at": "2026-01-04T23:14:21.548624"
    },
    {
      "store": "Woolworths",
      "name": "Tegel Free Range Quick Cook Chicken Burger Patties Crunchy 4pk 400g",
      "brand": null,
      "price": 9.0,
      "original_price": 9.0,
      "price_per_kg": null,
      "unit_type": "ea",
      "saving": 0.0,
      "percent_off": 0.0,
      "deal_type": null,
      "scraped_at": "2026-01-04T23:14:21.564786"
    },
    {
      "store": "Woolworths",
      "name": "Woolworths Sausages Lamb, Herb & Garlic 450g Tray 6pack",
      "brand": "Woolworths",
      "price": 7.9,
      "original_price": 10.95,
      "price_per_kg": null,
      "unit_type": "ea",
      "saving": 3.049999999999999,
      "percent_off": 27.9,
      "deal_type": null,
      "scraped_at": "2026-01-04T23:14:21.585653"
    },
    {
      "store": "Woolworths",
      "name": "Hellers Sausages Old Fashioned Beef 6pack",
      "brand": null,
      "price": 13.0,
      "original_price": 13.0,
      "price_per_kg": null,
      "unit_type": "ea",
      "saving": 0.0,
      "percent_off": 0.0,
      "deal_type": null,
      "scraped_at": "2026-01-04T23:14:21.601956"
    },
    {
      "store": "Woolworths",
      "name": "Hellers Sausages Precooked Chinese Honey Prepacked 1kg Pack",
      "brand": null,
      "price": 12.0,
      "original_price": 12.0,
      "price_per_kg": null,
      "unit_type": "ea",
      "saving": 0.0,
      "percent_off": 0.0,
      "deal_type": null,
      "scraped_at": "2026-01-04T23:14:21.617589"
    },
    {
      "store": "Woolworths",
      "name": "Bostock Organic Free Range Chicken Tenderloins 500g",
      "brand": null,
      "price": 15.5,
      "original_price": 15.5,
      "price_per_kg": null,
      "unit_type": "ea",
      "saving": 0.0,
      "percent_off": 0.0,
      "deal_type": null,
      "scraped_at": "2026-01-04T23:14:21.633588"
    },
    {
      "store": "Woolworths",
      "name": "Woolworths NZ Gravy Beef Grass Fed Min Order 550g",
      "brand": "Woolworths",
      "price": 32.9,
      "original_price": 32.9,
      "price_per_kg": null,
      "unit_type": "ea",
      "saving": 0.0,
      "percent_off": 0.0,
      "deal_type": null,
      "scraped_at": "2026-01-04T23:14:21.649102"
    },
    {
      "store": "Woolworths",
      "name": "Woolworths Sausages Thin Pork 500g Tray 9pack",
      "brand": "Woolworths",
      "price": 8.5,
      "original_price": 8.5,
      "price_per_kg": null,
      "unit_type": "ea",
      "saving": 0.0,
      "percent_off": 0.0,
      "deal_type": null,
      "scraped_at": "2026-01-04T23:14:21.664667"
    },
    {
      "store": "Woolworths",
      "name": "Woolworths NZ Free Farmed Pork Loin Chops 0.4-0.9kg 3-4pcs",
      "brand": "Woolworths",
      "price": 19.99,
      "original_price": 19.99,
      "price_per_kg": null,
      "unit_type": "ea",
      "saving": 0.0,
      "percent_off": 0.0,
      "deal_type": null,
      "scraped_at": "2026-01-04T23:14:21.680155"
    },
    {
      "store": "Woolworths",
      "name": "Macro Free Range NZ Chicken Stir Fry Tray 400g",
      "brand": null,
      "price": 9.0,
      "original_price": 9.0,
      "price_per_kg": null,
      "unit_type": "ea",
      "saving": 0.0,
      "percent_off": 0.0,
      "deal_type": null,
      "scraped_at": "2026-01-04T23:14:21.696998"
    },
    {
      "store": "Woolworths",
      "name": "Woolworths NZ Beef Steak Honey & Garlic Grass Fed",
      "brand": "Woolworths",
      "price": 30.5,
      "original_price": 33.9,
      "price_per_kg": null,
      "unit_type": "ea",
      "saving": 3.3999999999999986,
      "percent_off": 10.0,
      "deal_type": null,
      "scraped_at": "2026-01-04T23:14:21.709464"
    },
    {
      "store": "Woolworths",
      "name": "Woolworths NZ Corned Beef Silverside Grass Fed 0.8-2kg",
      "brand": "Woolworths",
      "price": 16.9,
      "original_price": 19.9,
      "price_per_kg": null,
      "unit_type": "ea",
      "saving": 3.0,
      "percent_off": 15.1,
      "deal_type": null,
      "scraped_at": "2026-01-04T23:14:21.721877"
    },
    {
      "store": "Woolworths",
      "name": "Woolworths NZ Free Farmed Pork Loin 500g Seal Fresh Steak 4pack",
      "brand": "Woolworths",
      "price": 18.8,
      "original_price": 18.8,
      "price_per_kg": null,
      "unit_type": "ea",
      "saving": 0.0,
      "percent_off": 0.0,
      "deal_type": null,
      "scraped_at": "2026-01-04T23:14:21.737685"
    },
    {
      "store": "Woolworths",
      "name": "Woolworths Value Sausages Precooked Chicken 860g",
      "brand": "Woolworths",
      "price": 8.5,
      "original_price": 8.5,
      "price_per_kg": null,
      "unit_type": "ea",
      "saving": 0.0,
      "percent_off": 0.0,
      "deal_type": null,
      "scraped_at": "2026-01-04T23:14:21.753602"
    },
    {
      "store": "Woolworths",
      "name": "Hellers Frankfurters Family 1kg",
      "brand": null,
      "price": 12.5,
      "original_price": 13.95,
      "price_per_kg": null,
      "unit_type": "ea",
      "saving": 1.4499999999999993,
      "percent_off": 10.4,
      "deal_type": null,
      "scraped_at": "2026-01-04T23:14:21.766120"
    },
    {
      "store": "Woolworths",
      "name": "Woolworths Cook NZ Diced Chicken Breast Hoisin Prepacked 300g",
      "brand": "Woolworths",
      "price": 8.5,
      "original_price": 8.5,
      "price_per_kg": null,
      "unit_type": "ea",
      "saving": 0.0,
      "percent_off": 0.0,
      "deal_type": null,
      "scraped_at": "2026-01-04T23:14:21.781987"
    },
    {
      "store": "Woolworths",
      "name": "Woolworths Cook NZ Beef Steak Peppered Grass Fed 300g Tray 2pack",
      "brand": "Woolworths",
      "price": 12.5,
      "original_price": 12.5,
      "price_per_kg": null,
      "unit_type": "ea",
      "saving": 0.0,
      "percent_off": 0.0,
      "deal_type": null,
      "scraped_at": "2026-01-04T23:14:21.797879"
    },
    {
      "store": "Woolworths",
      "name": "Hellers Sausages Genuine Pork 6pack",
      "brand": null,
      "price": 9.85,
      "original_price": 10.95,
      "price_per_kg": null,
      "unit_type": "ea",
      "saving": 1.0999999999999996,
      "percent_off": 10.0,
      "deal_type": null,
      "scraped_at": "2026-01-04T23:14:21.810166"
    },
    {
      "store": "Woolworths",
      "name": "Woolworths NZ Beef Tenderised Steak Grass Fed 3-6pcs",
      "brand": "Woolworths",
      "price": 30.5,
      "original_price": 33.9,
      "price_per_kg": null,
      "unit_type": "ea",
      "saving": 3.3999999999999986,
      "percent_off": 10.0,
      "deal_type": null,
      "scraped_at": "2026-01-04T23:14:21.822898"
    },
    {
      "store": "Woolworths",
      "name": "Hellers Cheerios Original Gluten Free Prepacked 1kg",
      "brand": null,
      "price": 12.5,
      "original_price": 13.95,
      "price_per_kg": null,
      "unit_type": "ea",
      "saving": 1.4499999999999993,
      "percent_off": 10.4,
      "deal_type": null,
      "scraped_at": "2026-01-04T23:14:21.835379"
    },
    {
      "store": "Woolworths",
      "name": "Meat Street Lamb Grill Sticks Doner Kebab 5pk 300g",
      "brand": null,
      "price": 8.5,
      "original_price": 8.5,
      "price_per_kg": null,
      "unit_type": "ea",
      "saving": 0.0,
      "percent_off": 0.0,
      "deal_type": null,
      "scraped_at": "2026-01-04T23:14:21.851001"
    },
    {
      "store": "Woolworths",
      "name": "Woolworths NZ Pork Mince Free Farmed 13% Fat Tray 1kg",
      "brand": "Woolworths",
      "price": 19.5,
      "original_price": 19.5,
      "price_per_kg": null,
      "unit_type": "ea",
      "saving": 0.0,
      "percent_off": 0.0,
      "deal_type": null,
      "scraped_at": "2026-01-04T23:14:21.866799"
    },
    {
      "store": "Woolworths",
      "name": "Woolworths Cook NZ Chicken Breast Strips Peri Peri Prepacked 300g",
      "brand": "Woolworths",
      "price": 8.5,
      "original_price": 8.5,
      "price_per_kg": null,
      "unit_type": "ea",
      "saving": 0.0,
      "percent_off": 0.0,
      "deal_type": null,
      "scraped_at": "2026-01-04T23:14:21.882283"
    },
    {
      "store": "Woolworths",
      "name": "Woolworths NZ Lamb Leg Steaks 270g Grass Fed Seal Fresh 2pack",
      "brand": "Woolworths",
      "price": 13.5,
      "original_price": 13.5,
      "price_per_kg": null,
      "unit_type": "ea",
      "saving": 0.0,
      "percent_off": 0.0,
      "deal_type": null,
      "scraped_at": "2026-01-04T23:14:21.898068"
    },
    {
      "store": "Woolworths",
      "name": "Woolworths Beef Steak Sizzle",
      "brand": "Woolworths",
      "price": 39.9,
      "original_price": 39.9,
      "price_per_kg": null,
      "unit_type": "ea",
      "saving": 0.0,
      "percent_off": 0.0,
      "deal_type": null,
      "scraped_at": "2026-01-04T23:14:21.917621"
    },
    {
      "store": "Woolworths",
      "name": "Woolworths Pork Sausages Breakfast 375g Tray 10pack",
      "brand": "Woolworths",
      "price": 8.5,
      "original_price": 8.5,
      "price_per_kg": null,
      "unit_type": "ea",
      "saving": 0.0,
      "percent_off": 0.0,
      "deal_type": null,
      "scraped_at": "2026-01-04T23:14:21.933646"
    },
    {
      "store": "Woolworths",
      "name": "Woolworths NZ Beef Diced Chuck Steak 750g Tray",
      "brand": "Woolworths",
      "price": 23.5,
      "original_price": 23.5,
      "price_per_kg": null,
      "unit_type": "ea",
      "saving": 0.0,
      "percent_off": 0.0,
      "deal_type": null,
      "scraped_at": "2026-01-04T23:14:21.949325"
    },
    {
      "store": "Woolworths",
      "name": "Woolworths NZ Chicken Breast Schnitzels Garlic & Herb Tray 2pack",
      "brand": "Woolworths",
      "price": 9.0,
      "original_price": 9.0,
      "price_per_kg": null,
      "unit_type": "ea",
      "saving": 0.0,
      "percent_off": 0.0,
      "deal_type": null,
      "scraped_at": "2026-01-04T23:14:21.965555"
    },
    {
      "store": "Woolworths",
      "name": "Woolworths NZ Beef Burgers Classic 4pk Tray 400g",
      "brand": "Woolworths",
      "price": 10.5,
      "original_price": 10.5,
      "price_per_kg": null,
      "unit_type": "ea",
      "saving": 0.0,
      "percent_off": 0.0,
      "deal_type": null,
      "scraped_at": "2026-01-04T23:14:37.339544"
    },
    {
      "store": "Woolworths",
      "name": "Woolworths Sausages Cheesy Beef 450g Tray 6pack",
      "brand": "Woolworths",
      "price": 8.5,
      "original_price": 8.5,
      "price_per_kg": null,
      "unit_type": "ea",
      "saving": 0.0,
      "percent_off": 0.0,
      "deal_type": null,
      "scraped_at": "2026-01-04T23:14:37.356416"
    },
    {
      "store": "Woolworths",
      "name": "Macro Free Range Whole Chicken Min Order 1.45kg",
      "brand": null,
      "price": 12.2,
      "original_price": 12.2,
      "price_per_kg": null,
      "unit_type": "ea",
      "saving": 0.0,
      "percent_off": 0.0,
      "deal_type": null,
      "scraped_at": "2026-01-04T23:14:37.372801"
    },
    {
      "store": "Woolworths",
      "name": "Woolworths NZ Beef Rump Steak Whole",
      "brand": "Woolworths",
      "price": 32.9,
      "original_price": 32.9,
      "price_per_kg": null,
      "unit_type": "ea",
      "saving": 0.0,
      "percent_off": 0.0,
      "deal_type": null,
      "scraped_at": "2026-01-04T23:14:37.388820"
    },
    {
      "store": "Woolworths",
      "name": "Woolworths Beef Sausages Breakfast Grass Fed 375g Tray 10pack",
      "brand": "Woolworths",
      "price": 8.5,
      "original_price": 8.5,
      "price_per_kg": null,
      "unit_type": "ea",
      "saving": 0.0,
      "percent_off": 0.0,
      "deal_type": null,
      "scraped_at": "2026-01-04T23:14:37.405421"
    },
    {
      "store": "Woolworths",
      "name": "Woolworths Beef Burger Patties 400g Tray 4pack",
      "brand": "Woolworths",
      "price": 8.5,
      "original_price": 8.5,
      "price_per_kg": null,
      "unit_type": "ea",
      "saving": 0.0,
      "percent_off": 0.0,
      "deal_type": null,
      "scraped_at": "2026-01-04T23:14:37.421946"
    },
    {
      "store": "Woolworths",
      "name": "Hellers Sausages NZ Lamb & Thyme 6pack",
      "brand": null,
      "price": 13.0,
      "original_price": 13.0,
      "price_per_kg": null,
      "unit_type": "ea",
      "saving": 0.0,
      "percent_off": 0.0,
      "deal_type": null,
      "scraped_at": "2026-01-04T23:14:37.438934"
    },
    {
      "store": "Woolworths",
      "name": "Woolworths Leg Ham Boneless Min Order 900g",
      "brand": "Woolworths",
      "price": 19.6,
      "original_price": 19.6,
      "price_per_kg": null,
      "unit_type": "ea",
      "saving": 0.0,
      "percent_off": 0.0,
      "deal_type": null,
      "scraped_at": "2026-01-04T23:14:37.454735"
    },
    {
      "store": "Woolworths",
      "name": "Woolworths NZ Chicken Schnitzel Crumbed Tray 2pack",
      "brand": "Woolworths",
      "price": 8.5,
      "original_price": 8.5,
      "price_per_kg": null,
      "unit_type": "ea",
      "saving": 0.0,
      "percent_off": 0.0,
      "deal_type": null,
      "scraped_at": "2026-01-04T23:14:37.470438"
    },
    {
      "store": "Woolworths",
      "name": "Silver Fern Farms Beef Flat-Iron Steaks 220g",
      "brand": null,
      "price": 16.95,
      "original_price": 16.95,
      "price_per_kg": null,
      "unit_type": "ea",
      "saving": 0.0,
      "percent_off": 0.0,
      "deal_type": null,
      "scraped_at": "2026-01-04T23:14:37.486649"
    },
    {
      "store": "Woolworths",
      "name": "Woolworths NZ Lamb Mince Grass Feed 13% Fat Tray 500g",
      "brand": "Woolworths",
      "price": 17.5,
      "original_price": 17.5,
      "price_per_kg": null,
      "unit_type": "ea",
      "saving": 0.0,
      "percent_off": 0.0,
      "deal_type": null,
      "scraped_at": "2026-01-04T23:14:37.502289"
    },
    {
      "store": "Woolworths",
      "name": "Woolworths NZ Lamb Chops Loin Grass Fed Min Order 450g",
      "brand": "Woolworths",
      "price": 34.95,
      "original_price": 34.95,
      "price_per_kg": null,
      "unit_type": "ea",
      "saving": 0.0,
      "percent_off": 0.0,
      "deal_type": null,
      "scraped_at": "2026-01-04T23:14:37.518194"
    },
    {
      "store": "Woolworths",
      "name": "Hellers Frankfurters 500g",
      "brand": null,
      "price": 7.95,
      "original_price": 7.95,
      "price_per_kg": null,
      "unit_type": "ea",
      "saving": 0.0,
      "percent_off": 0.0,
      "deal_type": null,
      "scraped_at": "2026-01-04T23:14:37.533743"
    },
    {
      "store": "Woolworths",
      "name": "Woolworths Cook NZ Whole Chicken Oven Ready Smokey Bbq 1.5kg",
      "brand": "Woolworths",
      "price": 18.5,
      "original_price": 18.5,
      "price_per_kg": null,
      "unit_type": "ea",
      "saving": 0.0,
      "percent_off": 0.0,
      "deal_type": null,
      "scraped_at": "2026-01-04T23:14:37.549552"
    },
    {
      "store": "Woolworths",
      "name": "Beehive Kransky Cheese 800g",
      "brand": null,
      "price": 12.5,
      "original_price": 13.95,
      "price_per_kg": null,
      "unit_type": "ea",
      "saving": 1.4499999999999993,
      "percent_off": 10.4,
      "deal_type": null,
      "scraped_at": "2026-01-04T23:14:37.562123"
    },
    {
      "store": "Woolworths",
      "name": "Woolworths Sausages Angus Beef 450g Tray 6pack",
      "brand": "Woolworths",
      "price": 12.99,
      "original_price": 12.99,
      "price_per_kg": null,
      "unit_type": "ea",
      "saving": 0.0,
      "percent_off": 0.0,
      "deal_type": null,
      "scraped_at": "2026-01-04T23:14:37.577893"
    },
    {
      "store": "Woolworths",
      "name": "Hellers Sausages Precooked Gluten Free Prepacked 1kg Pack",
      "brand": null,
      "price": 12.0,
      "original_price": 12.0,
      "price_per_kg": null,
      "unit_type": "ea",
      "saving": 0.0,
      "percent_off": 0.0,
      "deal_type": null,
      "scraped_at": "2026-01-04T23:14:37.593533"
    },
    {
      "store": "Woolworths",
      "name": "First Light NZ Beef Rump Steak Grass Fed Wagyu 250g Tray",
      "brand": null,
      "price": 14.99,
      "original_price": 14.99,
      "price_per_kg": null,
      "unit_type": "ea",
      "saving": 0.0,
      "percent_off": 0.0,
      "deal_type": null,
      "scraped_at": "2026-01-04T23:14:37.609552"
    },
    {
      "store": "Woolworths",
      "name": "Woolworths Sausages Precooked Cheese Prepacked 1kg",
      "brand": "Woolworths",
      "price": 8.0,
      "original_price": 8.95,
      "price_per_kg": null,
      "unit_type": "ea",
      "saving": 0.9499999999999992,
      "percent_off": 10.6,
      "deal_type": null,
      "scraped_at": "2026-01-04T23:14:37.621984"
    },
    {
      "store": "Woolworths",
      "name": "Hellers Burger Patties Angus 454g 4pack",
      "brand": null,
      "price": 13.95,
      "original_price": 15.5,
      "price_per_kg": null,
      "unit_type": "ea",
      "saving": 1.5500000000000007,
      "percent_off": 10.0,
      "deal_type": null,
      "scraped_at": "2026-01-04T23:14:37.634369"
    },
    {
      "store": "Woolworths",
      "name": "Silver Fern Farms Honest Beef & Lamb Burgers With Manuka Smoked Salt 4 Pack 500g",
      "brand": null,
      "price": 13.45,
      "original_price": 13.45,
      "price_per_kg": null,
      "unit_type": "ea",
      "saving": 0.0,
      "percent_off": 0.0,
      "deal_type": null,
      "scraped_at": "2026-01-04T23:14:37.651431"
    },
    {
      "store": "Woolworths",
      "name": "Woolworths Sausages Spicy Chorizo, Pork & Beef 450g Tray 6pack",
      "brand": "Woolworths",
      "price": 7.9,
      "original_price": 10.95,
      "price_per_kg": null,
      "unit_type": "ea",
      "saving": 3.049999999999999,
      "percent_off": 27.9,
      "deal_type": null,
      "scraped_at": "2026-01-04T23:14:37.663724"
    },
    {
      "store": "Woolworths",
      "name": "Silver Fern Farms Beef Eye Fillet Steak 300g",
      "brand": null,
      "price": 24.95,
      "original_price": 24.95,
      "price_per_kg": null,
      "unit_type": "ea",
      "saving": 0.0,
      "percent_off": 0.0,
      "deal_type": null,
      "scraped_at": "2026-01-04T23:14:37.679581"
    },
    {
      "store": "Woolworths",
      "name": "Woolworths Free Farmed NZ Pork Leg Roast Bone In",
      "brand": "Woolworths",
      "price": 12.95,
      "original_price": 12.95,
      "price_per_kg": null,
      "unit_type": "ea",
      "saving": 0.0,
      "percent_off": 0.0,
      "deal_type": null,
      "scraped_at": "2026-01-04T23:14:37.695153"
    },
    {
      "store": "Woolworths",
      "name": "Tonzu Organic Tofu Natural Sausage 300g",
      "brand": null,
      "price": 8.49,
      "original_price": 9.19,
      "price_per_kg": null,
      "unit_type": "ea",
      "saving": 0.6999999999999993,
      "percent_off": 7.6,
      "deal_type": null,
      "scraped_at": "2026-01-04T23:14:37.707939"
    },
    {
      "store": "Woolworths",
      "name": "Woolworths NZ Free Farmed 1/3 Ham Cooked On The Bone Min Order 2kg",
      "brand": "Woolworths",
      "price": 18.99,
      "original_price": 18.99,
      "price_per_kg": null,
      "unit_type": "ea",
      "saving": 0.0,
      "percent_off": 0.0,
      "deal_type": null,
      "scraped_at": "2026-01-04T23:14:37.724057"
    },
    {
      "store": "Woolworths",
      "name": "Woolworths NZ Free Farmed Pork Belly 0.5-1.2kg",
      "brand": "Woolworths",
      "price": 29.99,
      "original_price": 29.99,
      "price_per_kg": null,
      "unit_type": "ea",
      "saving": 0.0,
      "percent_off": 0.0,
      "deal_type": null,
      "scraped_at": "2026-01-04T23:14:37.739608"
    },
    {
      "store": "Woolworths",
      "name": "Woolworths NZ Chicken Tenders Crispy Tray 6pack",
      "brand": "Woolworths",
      "price": 8.5,
      "original_price": 8.5,
      "price_per_kg": null,
      "unit_type": "ea",
      "saving": 0.0,
      "percent_off": 0.0,
      "deal_type": null,
      "scraped_at": "2026-01-04T23:14:37.755290"
    },
    {
      "store": "Woolworths",
      "name": "Woolworths Cook NZ Chicken Tenderloins Sweet Chilli Prepacked 300g",
      "brand": "Woolworths",
      "price": 8.5,
      "original_price": 8.5,
      "price_per_kg": null,
      "unit_type": "ea",
      "saving": 0.0,
      "percent_off": 0.0,
      "deal_type": null,
      "scraped_at": "2026-01-04T23:14:37.770710"
    },
    {
      "store": "Woolworths",
      "name": "Woolworths NZ Beef Blade Steak Grass Fed 1-2pcs",
      "brand": "Woolworths",
      "price": 31.9,
      "original_price": 31.9,
      "price_per_kg": null,
      "unit_type": "ea",
      "saving": 0.0,
      "percent_off": 0.0,
      "deal_type": null,
      "scraped_at": "2026-01-04T23:14:37.786226"
    },
    {
      "store": "Woolworths",
      "name": "First Light Sausages Wagyu Beef 420g",
      "brand": null,
      "price": 12.95,
      "original_price": 12.95,
      "price_per_kg": null,
      "unit_type": "ea",
      "saving": 0.0,
      "percent_off": 0.0,
      "deal_type": null,
      "scraped_at": "2026-01-04T23:14:37.801817"
    },
    {
      "store": "Woolworths",
      "name": "Woolworths Half Leg Ham Cooked On The Bone Min Order 4.8kg",
      "brand": "Woolworths",
      "price": 12.9,
      "original_price": 12.9,
      "price_per_kg": null,
      "unit_type": "ea",
      "saving": 0.0,
      "percent_off": 0.0,
      "deal_type": null,
      "scraped_at": "2026-01-04T23:14:37.817532"
    },
    {
      "store": "Woolworths",
      "name": "Harmless Food Co Plant Based Chicken 250g",
      "brand": null,
      "price": 9.0,
      "original_price": 10.0,
      "price_per_kg": null,
      "unit_type": "ea",
      "saving": 1.0,
      "percent_off": 10.0,
      "deal_type": null,
      "scraped_at": "2026-01-04T23:14:37.829625"
    },
    {
      "store": "Woolworths",
      "name": "Plan*T Chick*N Prepacked 250g",
      "brand": null,
      "price": 12.49,
      "original_price": 12.49,
      "price_per_kg": null,
      "unit_type": "ea",
      "saving": 0.0,
      "percent_off": 0.0,
      "deal_type": null,
      "scraped_at": "2026-01-04T23:14:37.845290"
    },
    {
      "store": "Woolworths",
      "name": "Woolworths NZ Lamb Shoulder Chops Grass Fed 0.3-0.7kg 2pcs",
      "brand": "Woolworths",
      "price": 15.9,
      "original_price": 23.95,
      "price_per_kg": null,
      "unit_type": "ea",
      "saving": 8.049999999999999,
      "percent_off": 33.6,
      "deal_type": null,
      "scraped_at": "2026-01-04T23:14:37.857617"
    },
    {
      "store": "Woolworths",
      "name": "Meat Street Beef Burgers Classic Rissoles 400g Tray 8pack",
      "brand": null,
      "price": 8.0,
      "original_price": 8.0,
      "price_per_kg": null,
      "unit_type": "ea",
      "saving": 0.0,
      "percent_off": 0.0,
      "deal_type": null,
      "scraped_at": "2026-01-04T23:14:37.873234"
    },
    {
      "store": "Woolworths",
      "name": "Woolworths Beef Sausage Meat Vacuum Packed 450g",
      "brand": "Woolworths",
      "price": 7.3,
      "original_price": 7.3,
      "price_per_kg": null,
      "unit_type": "ea",
      "saving": 0.0,
      "percent_off": 0.0,
      "deal_type": null,
      "scraped_at": "2026-01-04T23:14:37.889067"
    },
    {
      "store": "Woolworths",
      "name": "Silver Fern Farms Beef Stir-Fry 350g",
      "brand": null,
      "price": 13.5,
      "original_price": 15.0,
      "price_per_kg": null,
      "unit_type": "ea",
      "saving": 1.5,
      "percent_off": 10.0,
      "deal_type": null,
      "scraped_at": "2026-01-04T23:14:37.901415"
    },
    {
      "store": "Woolworths",
      "name": "Woolworths NZ Beef Rump Steak Angus Grass Fed 1pc",
      "brand": "Woolworths",
      "price": 37.9,
      "original_price": 37.9,
      "price_per_kg": null,
      "unit_type": "ea",
      "saving": 0.0,
      "percent_off": 0.0,
      "deal_type": null,
      "scraped_at": "2026-01-04T23:14:37.916914"
    },
    {
      "store": "Woolworths",
      "name": "Bostock Organic Sausages Chicken & Tarragon 290g",
      "brand": null,
      "price": 11.45,
      "original_price": 11.45,
      "price_per_kg": null,
      "unit_type": "ea",
      "saving": 0.0,
      "percent_off": 0.0,
      "deal_type": null,
      "scraped_at": "2026-01-04T23:14:37.932665"
    },
    {
      "store": "Woolworths",
      "name": "Woolworths NZ Free Farmed Pork Belly Slices 0.35-0.6kg 5-8pc",
      "brand": "Woolworths",
      "price": 29.99,
      "original_price": 29.99,
      "price_per_kg": null,
      "unit_type": "ea",
      "saving": 0.0,
      "percent_off": 0.0,
      "deal_type": null,
      "scraped_at": "2026-01-04T23:14:37.948234"
    },
    {
      "store": "Woolworths",
      "name": "Hellers Cheerios Sausages 500g",
      "brand": null,
      "price": 7.95,
      "original_price": 7.95,
      "price_per_kg": null,
      "unit_type": "ea",
      "saving": 0.0,
      "percent_off": 0.0,
      "deal_type": null,
      "scraped_at": "2026-01-04T23:14:37.963839"
    },
    {
      "store": "Woolworths",
      "name": "Woolworths NZ Beef T-Bone Steak Grass Fed Small Tray 1pce",
      "brand": "Woolworths",
      "price": 45.9,
      "original_price": 45.9,
      "price_per_kg": null,
      "unit_type": "ea",
      "saving": 0.0,
      "percent_off": 0.0,
      "deal_type": null,
      "scraped_at": "2026-01-04T23:14:37.979914"
    },
    {
      "store": "Woolworths",
      "name": "Woolworths Beef & Pork Meatballs 20 Pack Tray 400g",
      "brand": "Woolworths",
      "price": 9.9,
      "original_price": 9.9,
      "price_per_kg": null,
      "unit_type": "ea",
      "saving": 0.0,
      "percent_off": 0.0,
      "deal_type": null,
      "scraped_at": "2026-01-04T23:14:37.995692"
    },
    {
      "store": "Woolworths",
      "name": "First Light Burger Patties Wagyu Beef 400g",
      "brand": null,
      "price": 12.99,
      "original_price": 12.99,
      "price_per_kg": null,
      "unit_type": "ea",
      "saving": 0.0,
      "percent_off": 0.0,
      "deal_type": null,
      "scraped_at": "2026-01-04T23:14:38.011676"
    },
    {
      "store": "Woolworths",
      "name": "Silver Fern Farms Lamb Rumps 400g",
      "brand": null,
      "price": 18.95,
      "original_price": 18.95,
      "price_per_kg": null,
      "unit_type": "ea",
      "saving": 0.0,
      "percent_off": 0.0,
      "deal_type": null,
      "scraped_at": "2026-01-04T23:14:38.027001"
    },
    {
      "store": "Woolworths",
      "name": "Woolworths NZ Chicken Nuggets Battered 330g Tray",
      "brand": "Woolworths",
      "price": 8.5,
      "original_price": 8.5,
      "price_per_kg": null,
      "unit_type": "ea",
      "saving": 0.0,
      "percent_off": 0.0,
      "deal_type": null,
      "scraped_at": "2026-01-04T23:14:38.042596"
    },
    {
      "store": "Woolworths",
      "name": "Woolworths Beef Short Ribs",
      "brand": "Woolworths",
      "price": 27.9,
      "original_price": 27.9,
      "price_per_kg": null,
      "unit_type": "ea",
      "saving": 0.0,
      "percent_off": 0.0,
      "deal_type": null,
      "scraped_at": "2026-01-04T23:14:38.058212"
    },
    {
      "store": "Woolworths",
      "name": "Woolworths NZ Free Farmed Pork Shoulder Chops 0.4-1kg 1-2pcs",
      "brand": "Woolworths",
      "price": 14.95,
      "original_price": 14.95,
      "price_per_kg": null,
      "unit_type": "ea",
      "saving": 0.0,
      "percent_off": 0.0,
      "deal_type": null,
      "scraped_at": "2026-01-04T23:14:53.107207"
    },
    {
      "store": "Woolworths",
      "name": "Woolworths NZ Chicken Cutlets Skinless Bone In 630g - 800g",
      "brand": "Woolworths",
      "price": 14.9,
      "original_price": 16.9,
      "price_per_kg": null,
      "unit_type": "ea",
      "saving": 1.9999999999999984,
      "percent_off": 11.8,
      "deal_type": null,
      "scraped_at": "2026-01-04T23:14:53.120940"
    },
    {
      "store": "Woolworths",
      "name": "Bostocks Organic Chicken Drumsticks Free Range 900g",
      "brand": null,
      "price": 13.5,
      "original_price": 13.5,
      "price_per_kg": null,
      "unit_type": "ea",
      "saving": 0.0,
      "percent_off": 0.0,
      "deal_type": null,
      "scraped_at": "2026-01-04T23:14:53.137631"
    },
    {
      "store": "Woolworths",
      "name": "Woolworths NZ Beef Chuck Steak Grass Fed 1-2pcs",
      "brand": "Woolworths",
      "price": 32.9,
      "original_price": 32.9,
      "price_per_kg": null,
      "unit_type": "ea",
      "saving": 0.0,
      "percent_off": 0.0,
      "deal_type": null,
      "scraped_at": "2026-01-04T23:14:53.153803"
    },
    {
      "store": "Woolworths",
      "name": "First Light Meatballs Wagyu Beef 400g",
      "brand": null,
      "price": 12.99,
      "original_price": 12.99,
      "price_per_kg": null,
      "unit_type": "ea",
      "saving": 0.0,
      "percent_off": 0.0,
      "deal_type": null,
      "scraped_at": "2026-01-04T23:14:53.169731"
    },
    {
      "store": "Woolworths",
      "name": "Hellers Ham Boneless Leg Min Order 800g",
      "brand": null,
      "price": 22.8,
      "original_price": 22.8,
      "price_per_kg": null,
      "unit_type": "ea",
      "saving": 0.0,
      "percent_off": 0.0,
      "deal_type": null,
      "scraped_at": "2026-01-04T23:14:53.186731"
    },
    {
      "store": "Woolworths",
      "name": "Woolworths NZ Chicken Burgers Crunchy Tray 4pack",
      "brand": "Woolworths",
      "price": 8.5,
      "original_price": 8.5,
      "price_per_kg": null,
      "unit_type": "ea",
      "saving": 0.0,
      "percent_off": 0.0,
      "deal_type": null,
      "scraped_at": "2026-01-04T23:14:53.202653"
    },
    {
      "store": "Woolworths",
      "name": "Macro Free Range NZ Chicken Drumsticks Min Order 1kg",
      "brand": null,
      "price": 12.8,
      "original_price": 12.8,
      "price_per_kg": null,
      "unit_type": "ea",
      "saving": 0.0,
      "percent_off": 0.0,
      "deal_type": null,
      "scraped_at": "2026-01-04T23:14:53.218225"
    },
    {
      "store": "Woolworths",
      "name": "Riverside Farm Duck Fat Rendered 360g",
      "brand": null,
      "price": 6.0,
      "original_price": 6.0,
      "price_per_kg": null,
      "unit_type": "ea",
      "saving": 0.0,
      "percent_off": 0.0,
      "deal_type": null,
      "scraped_at": "2026-01-04T23:14:53.233947"
    },
    {
      "store": "Woolworths",
      "name": "Impossible Plant Based Mince Beef Prepacked 340g",
      "brand": null,
      "price": 13.95,
      "original_price": 13.95,
      "price_per_kg": null,
      "unit_type": "ea",
      "saving": 0.0,
      "percent_off": 0.0,
      "deal_type": null,
      "scraped_at": "2026-01-04T23:14:53.250114"
    },
    {
      "store": "Woolworths",
      "name": "Woolworths NZ Free Farmed Pork Schnitzel 0.3-0.5kg 4-7pcs",
      "brand": "Woolworths",
      "price": 25.0,
      "original_price": 25.0,
      "price_per_kg": null,
      "unit_type": "ea",
      "saving": 0.0,
      "percent_off": 0.0,
      "deal_type": null,
      "scraped_at": "2026-01-04T23:14:53.265749"
    },
    {
      "store": "Woolworths",
      "name": "Woolworths Sausages Angus Beef Hickory 450g Tray 6pack",
      "brand": "Woolworths",
      "price": 12.99,
      "original_price": 12.99,
      "price_per_kg": null,
      "unit_type": "ea",
      "saving": 0.0,
      "percent_off": 0.0,
      "deal_type": null,
      "scraped_at": "2026-01-04T23:14:53.281498"
    },
    {
      "store": "Woolworths",
      "name": "Woolworths NZ Diced Pork Free Farmed Tray 400g",
      "brand": "Woolworths",
      "price": 11.9,
      "original_price": 11.9,
      "price_per_kg": null,
      "unit_type": "ea",
      "saving": 0.0,
      "percent_off": 0.0,
      "deal_type": null,
      "scraped_at": "2026-01-04T23:14:53.297041"
    },
    {
      "store": "Woolworths",
      "name": "Woolworths NZ Free Farmed Half Leg Ham Cooked On The Bone Min Order 4kg",
      "brand": "Woolworths",
      "price": 16.9,
      "original_price": 16.9,
      "price_per_kg": null,
      "unit_type": "ea",
      "saving": 0.0,
      "percent_off": 0.0,
      "deal_type": null,
      "scraped_at": "2026-01-04T23:14:53.313608"
    },
    {
      "store": "Woolworths",
      "name": "Woolworths NZ Beef Eye Fillet Grass Fed Min Order 200g",
      "brand": "Woolworths",
      "price": 72.9,
      "original_price": 72.9,
      "price_per_kg": null,
      "unit_type": "ea",
      "saving": 0.0,
      "percent_off": 0.0,
      "deal_type": null,
      "scraped_at": "2026-01-04T23:14:53.329317"
    },
    {
      "store": "Woolworths",
      "name": "Bostocks Chicken Whole Organic 1.5kg",
      "brand": null,
      "price": 26.99,
      "original_price": 26.99,
      "price_per_kg": null,
      "unit_type": "ea",
      "saving": 0.0,
      "percent_off": 0.0,
      "deal_type": null,
      "scraped_at": "2026-01-04T23:14:53.345300"
    },
    {
      "store": "Woolworths",
      "name": "Silver Fern Farms Lamb Steaks 220g",
      "brand": null,
      "price": 16.95,
      "original_price": 16.95,
      "price_per_kg": null,
      "unit_type": "ea",
      "saving": 0.0,
      "percent_off": 0.0,
      "deal_type": null,
      "scraped_at": "2026-01-04T23:14:53.362514"
    },
    {
      "store": "Woolworths",
      "name": "Woolworths NZ Diced Beef Premium Grass Fed 400g Tray",
      "brand": "Woolworths",
      "price": 15.5,
      "original_price": 15.5,
      "price_per_kg": null,
      "unit_type": "ea",
      "saving": 0.0,
      "percent_off": 0.0,
      "deal_type": null,
      "scraped_at": "2026-01-04T23:14:53.378517"
    },
    {
      "store": "Woolworths",
      "name": "Woolworths Beef Brisket",
      "brand": "Woolworths",
      "price": 19.9,
      "original_price": 19.9,
      "price_per_kg": null,
      "unit_type": "ea",
      "saving": 0.0,
      "percent_off": 0.0,
      "deal_type": null,
      "scraped_at": "2026-01-04T23:14:53.394092"
    },
    {
      "store": "Woolworths",
      "name": "Woolworths Sausages Pork & Fennel 450g Tray 6pack",
      "brand": "Woolworths",
      "price": 11.99,
      "original_price": 11.99,
      "price_per_kg": null,
      "unit_type": "ea",
      "saving": 0.0,
      "percent_off": 0.0,
      "deal_type": null,
      "scraped_at": "2026-01-04T23:14:53.409901"
    },
    {
      "store": "Woolworths",
      "name": "Hellers Sausages Cheese & Bacon Precooked Prepacked 1kg",
      "brand": null,
      "price": 12.0,
      "original_price": 12.0,
      "price_per_kg": null,
      "unit_type": "ea",
      "saving": 0.0,
      "percent_off": 0.0,
      "deal_type": null,
      "scraped_at": "2026-01-04T23:14:53.425744"
    },
    {
      "store": "Woolworths",
      "name": "Woolworths NZ Chicken Drumsticks 0.5 - 0.7kg",
      "brand": "Woolworths",
      "price": 8.0,
      "original_price": 8.0,
      "price_per_kg": null,
      "unit_type": "ea",
      "saving": 0.0,
      "percent_off": 0.0,
      "deal_type": null,
      "scraped_at": "2026-01-04T23:14:53.441900"
    },
    {
      "store": "Woolworths",
      "name": "Woolworths Sausages Precooked Chicken Prepacked 1kg",
      "brand": "Woolworths",
      "price": 8.0,
      "original_price": 8.95,
      "price_per_kg": null,
      "unit_type": "ea",
      "saving": 0.9499999999999992,
      "percent_off": 10.6,
      "deal_type": null,
      "scraped_at": "2026-01-04T23:14:53.454106"
    },
    {
      "store": "Woolworths",
      "name": "Woolworths NZ Beef Sirloin Steak Porterhouse Thin Cut Grass Fed 0.4-0.95kg",
      "brand": "Woolworths",
      "price": 48.9,
      "original_price": 48.9,
      "price_per_kg": null,
      "unit_type": "ea",
      "saving": 0.0,
      "percent_off": 0.0,
      "deal_type": null,
      "scraped_at": "2026-01-04T23:14:53.469689"
    },
    {
      "store": "Woolworths",
      "name": "Woolworths NZ Free Farmed Pork Fillet Whole 0.2-0.6kg",
      "brand": "Woolworths",
      "price": 31.99,
      "original_price": 31.99,
      "price_per_kg": null,
      "unit_type": "ea",
      "saving": 0.0,
      "percent_off": 0.0,
      "deal_type": null,
      "scraped_at": "2026-01-04T23:14:53.485926"
    },
    {
      "store": "Woolworths",
      "name": "Woolworths Sausages Cheese Frankfurters 500g",
      "brand": "Woolworths",
      "price": 8.5,
      "original_price": 8.5,
      "price_per_kg": null,
      "unit_type": "ea",
      "saving": 0.0,
      "percent_off": 0.0,
      "deal_type": null,
      "scraped_at": "2026-01-04T23:14:53.501560"
    },
    {
      "store": "Woolworths",
      "name": "Woolworths NZ Chicken Nibbles 0.4-0.7kg",
      "brand": "Woolworths",
      "price": 13.2,
      "original_price": 13.2,
      "price_per_kg": null,
      "unit_type": "ea",
      "saving": 0.0,
      "percent_off": 0.0,
      "deal_type": null,
      "scraped_at": "2026-01-04T23:14:53.516950"
    },
    {
      "store": "Woolworths",
      "name": "Quorn Vegetarian Sausages Frozen 336g",
      "brand": null,
      "price": 8.0,
      "original_price": 9.0,
      "price_per_kg": null,
      "unit_type": "ea",
      "saving": 1.0,
      "percent_off": 11.1,
      "deal_type": null,
      "scraped_at": "2026-01-04T23:14:53.529073"
    },
    {
      "store": "Woolworths",
      "name": "Woolworths Cook NZ Pork Loin Steaks Sweet & Smoky 2pack 250g",
      "brand": "Woolworths",
      "price": 10.3,
      "original_price": 10.3,
      "price_per_kg": null,
      "unit_type": "ea",
      "saving": 0.0,
      "percent_off": 0.0,
      "deal_type": null,
      "scraped_at": "2026-01-04T23:14:53.544798"
    },
    {
      "store": "Woolworths",
      "name": "Woolworths NZ Free Farmed Pork Slices Bone In 0.45-1kg 3-6pcs",
      "brand": "Woolworths",
      "price": 19.9,
      "original_price": 26.0,
      "price_per_kg": null,
      "unit_type": "ea",
      "saving": 6.100000000000001,
      "percent_off": 23.5,
      "deal_type": null,
      "scraped_at": "2026-01-04T23:14:53.557004"
    },
    {
      "store": "Woolworths",
      "name": "Woolworths NZ Chicken Breast Schnitzels Crumbed Tray 2pack",
      "brand": "Woolworths",
      "price": 9.0,
      "original_price": 9.0,
      "price_per_kg": null,
      "unit_type": "ea",
      "saving": 0.0,
      "percent_off": 0.0,
      "deal_type": null,
      "scraped_at": "2026-01-04T23:14:53.572399"
    },
    {
      "store": "Woolworths",
      "name": "Hellers Sausages Precooked Prepacked 2kg Pack",
      "brand": null,
      "price": 17.95,
      "original_price": 20.95,
      "price_per_kg": null,
      "unit_type": "ea",
      "saving": 3.0,
      "percent_off": 14.3,
      "deal_type": null,
      "scraped_at": "2026-01-04T23:14:53.584741"
    },
    {
      "store": "Woolworths",
      "name": "Woolworths Cook NZ Chicken Nibbles Buffalo 1.0kg - 1.1kg",
      "brand": "Woolworths",
      "price": 13.3,
      "original_price": 14.8,
      "price_per_kg": null,
      "unit_type": "ea",
      "saving": 1.5,
      "percent_off": 10.1,
      "deal_type": null,
      "scraped_at": "2026-01-04T23:14:53.596948"
    },
    {
      "store": "Woolworths",
      "name": "Hellers Meatballs Pork 400g",
      "brand": null,
      "price": 13.0,
      "original_price": 13.0,
      "price_per_kg": null,
      "unit_type": "ea",
      "saving": 0.0,
      "percent_off": 0.0,
      "deal_type": null,
      "scraped_at": "2026-01-04T23:14:53.615291"
    },
    {
      "store": "Woolworths",
      "name": "Waitoa Free Range Sausages Plain Chicken 480g 6pack",
      "brand": null,
      "price": 10.95,
      "original_price": 10.95,
      "price_per_kg": null,
      "unit_type": "ea",
      "saving": 0.0,
      "percent_off": 0.0,
      "deal_type": null,
      "scraped_at": "2026-01-04T23:14:53.631016"
    },
    {
      "store": "Woolworths",
      "name": "Beak & Sons Pork Ribs Hickory Bbq Min Order 1kg",
      "brand": null,
      "price": 24.49,
      "original_price": 24.49,
      "price_per_kg": null,
      "unit_type": "ea",
      "saving": 0.0,
      "percent_off": 0.0,
      "deal_type": null,
      "scraped_at": "2026-01-04T23:14:53.646760"
    },
    {
      "store": "Woolworths",
      "name": "Woolworths Dripping Beef Pottle 450g",
      "brand": "Woolworths",
      "price": 7.2,
      "original_price": 7.2,
      "price_per_kg": null,
      "unit_type": "ea",
      "saving": 0.0,
      "percent_off": 0.0,
      "deal_type": null,
      "scraped_at": "2026-01-04T23:14:53.662057"
    },
    {
      "store": "Woolworths",
      "name": "Woolworths NZ Chicken Pops Southern Style Tray 270g",
      "brand": "Woolworths",
      "price": 8.5,
      "original_price": 8.5,
      "price_per_kg": null,
      "unit_type": "ea",
      "saving": 0.0,
      "percent_off": 0.0,
      "deal_type": null,
      "scraped_at": "2026-01-04T23:14:53.677715"
    },
    {
      "store": "Woolworths",
      "name": "Woolworths Cook NZ Sweet Chilli Chicken Nibbles 0.55-0.75kg",
      "brand": "Woolworths",
      "price": 13.3,
      "original_price": 14.8,
      "price_per_kg": null,
      "unit_type": "ea",
      "saving": 1.5,
      "percent_off": 10.1,
      "deal_type": null,
      "scraped_at": "2026-01-04T23:14:53.689901"
    },
    {
      "store": "Woolworths",
      "name": "Woolworths NZ Beef Scotch Fillet Steak Whole Min Order 3.5kg",
      "brand": "Woolworths",
      "price": 51.9,
      "original_price": 51.9,
      "price_per_kg": null,
      "unit_type": "ea",
      "saving": 0.0,
      "percent_off": 0.0,
      "deal_type": null,
      "scraped_at": "2026-01-04T23:14:53.705339"
    },
    {
      "store": "Woolworths",
      "name": "Tegel Take Outs Chicken Strips Louisiana Style Free Range 6pack",
      "brand": null,
      "price": 10.0,
      "original_price": 10.0,
      "price_per_kg": null,
      "unit_type": "ea",
      "saving": 0.0,
      "percent_off": 0.0,
      "deal_type": null,
      "scraped_at": "2026-01-04T23:14:53.722096"
    },
    {
      "store": "Woolworths",
      "name": "Woolworths Garlic & Herb Chicken Sausages 450g Tray 6pack",
      "brand": "Woolworths",
      "price": 7.9,
      "original_price": 10.95,
      "price_per_kg": null,
      "unit_type": "ea",
      "saving": 3.049999999999999,
      "percent_off": 27.9,
      "deal_type": null,
      "scraped_at": "2026-01-04T23:14:53.734416"
    },
    {
      "store": "Woolworths",
      "name": "Woolworths Cook NZ Chicken Drumsticks Smoky Bbq 0.8kg - 0.95kg",
      "brand": "Woolworths",
      "price": 13.2,
      "original_price": 13.2,
      "price_per_kg": null,
      "unit_type": "ea",
      "saving": 0.0,
      "percent_off": 0.0,
      "deal_type": null,
      "scraped_at": "2026-01-04T23:14:53.750426"
    },
    {
      "store": "Woolworths",
      "name": "Silver Fern Farms Beef Medallions 400g",
      "brand": null,
      "price": 21.95,
      "original_price": 21.95,
      "price_per_kg": null,
      "unit_type": "ea",
      "saving": 0.0,
      "percent_off": 0.0,
      "deal_type": null,
      "scraped_at": "2026-01-04T23:14:53.766035"
    },
    {
      "store": "Woolworths",
      "name": "Woolworths Cook NZ Chicken Nibbles Vietnamese Style 0.95kg - 1.1kg",
      "brand": "Woolworths",
      "price": 13.3,
      "original_price": 14.8,
      "price_per_kg": null,
      "unit_type": "ea",
      "saving": 1.5,
      "percent_off": 10.1,
      "deal_type": null,
      "scraped_at": "2026-01-04T23:14:53.778740"
    },
    {
      "store": "Woolworths",
      "name": "Silver Fern Farms Venison Mince 500g",
      "brand": null,
      "price": 13.4,
      "original_price": 14.95,
      "price_per_kg": null,
      "unit_type": "ea",
      "saving": 1.549999999999999,
      "percent_off": 10.4,
      "deal_type": null,
      "scraped_at": "2026-01-04T23:14:53.791098"
    },
    {
      "store": "Woolworths",
      "name": "Silver Fern Farms Honest Beef Burgers With Smoky Caramelized Onion 2 Pack 500g",
      "brand": null,
      "price": 13.45,
      "original_price": 13.45,
      "price_per_kg": null,
      "unit_type": "ea",
      "saving": 0.0,
      "percent_off": 0.0,
      "deal_type": null,
      "scraped_at": "2026-01-04T23:14:53.807713"
    },
    {
      "store": "Woolworths",
      "name": "Silver Fern Farms Lamb Stir-Fry 350g",
      "brand": null,
      "price": 14.95,
      "original_price": 14.95,
      "price_per_kg": null,
      "unit_type": "ea",
      "saving": 0.0,
      "percent_off": 0.0,
      "deal_type": null,
      "scraped_at": "2026-01-04T23:14:53.823427"
    },
    {
      "store": "Woolworths",
      "name": "Impossible Plant Based Burger Patties 113g Each 2pack",
      "brand": null,
      "price": 10.0,
      "original_price": 12.0,
      "price_per_kg": null,
      "unit_type": "ea",
      "saving": 2.0,
      "percent_off": 16.7,
      "deal_type": null,
      "scraped_at": "2026-01-04T23:15:11.148751"
    },
    {
      "store": "Woolworths",
      "name": "Woolworths NZ Beef Burgers Mini Sliders 8pk Tray 400g",
      "brand": "Woolworths",
      "price": 10.5,
      "original_price": 10.5,
      "price_per_kg": null,
      "unit_type": "ea",
      "saving": 0.0,
      "percent_off": 0.0,
      "deal_type": null,
      "scraped_at": "2026-01-04T23:15:11.166832"
    },
    {
      "store": "Woolworths",
      "name": "Hellers Saveloys Classic Prepacked 1kg",
      "brand": null,
      "price": 12.5,
      "original_price": 13.95,
      "price_per_kg": null,
      "unit_type": "ea",
      "saving": 1.4499999999999993,
      "percent_off": 10.4,
      "deal_type": null,
      "scraped_at": "2026-01-04T23:15:11.179822"
    },
    {
      "store": "Woolworths",
      "name": "Silver Fern Farms Lamb Medallions 400g",
      "brand": null,
      "price": 21.95,
      "original_price": 21.95,
      "price_per_kg": null,
      "unit_type": "ea",
      "saving": 0.0,
      "percent_off": 0.0,
      "deal_type": null,
      "scraped_at": "2026-01-04T23:15:11.196090"
    },
    {
      "store": "Woolworths",
      "name": "Woolworths Lamb Leg Butterflied Rosemary & Garlic Prepacked 400g",
      "brand": "Woolworths",
      "price": 23.95,
      "original_price": 23.95,
      "price_per_kg": null,
      "unit_type": "ea",
      "saving": 0.0,
      "percent_off": 0.0,
      "deal_type": null,
      "scraped_at": "2026-01-04T23:15:11.211927"
    },
    {
      "store": "Woolworths",
      "name": "Meat Street Lamb Grill Sticks Oriental Mint 5pk 300g",
      "brand": null,
      "price": 8.5,
      "original_price": 8.5,
      "price_per_kg": null,
      "unit_type": "ea",
      "saving": 0.0,
      "percent_off": 0.0,
      "deal_type": null,
      "scraped_at": "2026-01-04T23:15:11.227896"
    },
    {
      "store": "Woolworths",
      "name": "Beak & Sons Ready To Pull Pork Pulled In Apple Bbq Sauce 600g",
      "brand": null,
      "price": 21.1,
      "original_price": 23.49,
      "price_per_kg": null,
      "unit_type": "ea",
      "saving": 2.389999999999997,
      "percent_off": 10.2,
      "deal_type": null,
      "scraped_at": "2026-01-04T23:15:11.240173"
    },
    {
      "store": "Woolworths",
      "name": "Woolworths NZ Beef Stir Fry Angus Grass Fed 400g Tray",
      "brand": "Woolworths",
      "price": 15.9,
      "original_price": 15.9,
      "price_per_kg": null,
      "unit_type": "ea",
      "saving": 0.0,
      "percent_off": 0.0,
      "deal_type": null,
      "scraped_at": "2026-01-04T23:15:11.255837"
    },
    {
      "store": "Woolworths",
      "name": "Hellers Sausages Venison 6pack",
      "brand": null,
      "price": 13.0,
      "original_price": 13.0,
      "price_per_kg": null,
      "unit_type": "ea",
      "saving": 0.0,
      "percent_off": 0.0,
      "deal_type": null,
      "scraped_at": "2026-01-04T23:15:11.271840"
    },
    {
      "store": "Woolworths",
      "name": "Beak & Sons Pork Ribs Chinese Bbq Min Order 1kg",
      "brand": null,
      "price": 24.49,
      "original_price": 24.49,
      "price_per_kg": null,
      "unit_type": "ea",
      "saving": 0.0,
      "percent_off": 0.0,
      "deal_type": null,
      "scraped_at": "2026-01-04T23:15:11.287574"
    },
    {
      "store": "Woolworths",
      "name": "Wool Sausages Precooked Chicken Herb Prepacked 1kg",
      "brand": null,
      "price": 8.0,
      "original_price": 8.95,
      "price_per_kg": null,
      "unit_type": "ea",
      "saving": 0.9499999999999992,
      "percent_off": 10.6,
      "deal_type": null,
      "scraped_at": "2026-01-04T23:15:11.300529"
    },
    {
      "store": "Woolworths",
      "name": "Woolworths Saveloys Classic Prepacked 500g",
      "brand": "Woolworths",
      "price": 8.5,
      "original_price": 8.5,
      "price_per_kg": null,
      "unit_type": "ea",
      "saving": 0.0,
      "percent_off": 0.0,
      "deal_type": null,
      "scraped_at": "2026-01-04T23:15:11.316133"
    },
    {
      "store": "Woolworths",
      "name": "Woolworths NZ Free Farmed Pork Rump Steak 0.4-0.7kg 1-2pcs",
      "brand": "Woolworths",
      "price": 23.95,
      "original_price": 23.95,
      "price_per_kg": null,
      "unit_type": "ea",
      "saving": 0.0,
      "percent_off": 0.0,
      "deal_type": null,
      "scraped_at": "2026-01-04T23:15:11.332268"
    },
    {
      "store": "Woolworths",
      "name": "Woolworths Sausages Pork Onion & Sage Prepacked 450g",
      "brand": "Woolworths",
      "price": 7.9,
      "original_price": 10.95,
      "price_per_kg": null,
      "unit_type": "ea",
      "saving": 3.049999999999999,
      "percent_off": 27.9,
      "deal_type": null,
      "scraped_at": "2026-01-04T23:15:11.344628"
    },
    {
      "store": "Woolworths",
      "name": "Hellers Sausages Classic Jumbo Bratwurst 420g 4pack",
      "brand": null,
      "price": 8.5,
      "original_price": 8.5,
      "price_per_kg": null,
      "unit_type": "ea",
      "saving": 0.0,
      "percent_off": 0.0,
      "deal_type": null,
      "scraped_at": "2026-01-04T23:15:11.360327"
    },
    {
      "store": "Woolworths",
      "name": "First Light NZ Beef Rib Eye Steak Wagyu Scotch Fillet 170g Pack",
      "brand": null,
      "price": 19.0,
      "original_price": 21.9,
      "price_per_kg": null,
      "unit_type": "ea",
      "saving": 2.8999999999999986,
      "percent_off": 13.2,
      "deal_type": null,
      "scraped_at": "2026-01-04T23:15:11.372864"
    },
    {
      "store": "Woolworths",
      "name": "Woolworths NZ Beef Sirloin Steak Grass Fed Bulk Min Order 1.5kg",
      "brand": "Woolworths",
      "price": 35.9,
      "original_price": 35.9,
      "price_per_kg": null,
      "unit_type": "ea",
      "saving": 0.0,
      "percent_off": 0.0,
      "deal_type": null,
      "scraped_at": "2026-01-04T23:15:11.389136"
    },
    {
      "store": "Woolworths",
      "name": "Woolworths NZ Beef Eye Fillet Steak Whole",
      "brand": "Woolworths",
      "price": 59.9,
      "original_price": 59.9,
      "price_per_kg": null,
      "unit_type": "ea",
      "saving": 0.0,
      "percent_off": 0.0,
      "deal_type": null,
      "scraped_at": "2026-01-04T23:15:11.405110"
    },
    {
      "store": "Woolworths",
      "name": "Woolworths NZ Beef Burgers Our Best Angus 2pk Tray 300g",
      "brand": "Woolworths",
      "price": 9.9,
      "original_price": 9.9,
      "price_per_kg": null,
      "unit_type": "ea",
      "saving": 0.0,
      "percent_off": 0.0,
      "deal_type": null,
      "scraped_at": "2026-01-04T23:15:11.420915"
    },
    {
      "store": "Woolworths",
      "name": "Woolworths NZ Chicken Pops Spicy Southern Style Tray 270g",
      "brand": "Woolworths",
      "price": 8.5,
      "original_price": 8.5,
      "price_per_kg": null,
      "unit_type": "ea",
      "saving": 0.0,
      "percent_off": 0.0,
      "deal_type": null,
      "scraped_at": "2026-01-04T23:15:11.436606"
    },
    {
      "store": "Woolworths",
      "name": "Woolworths Lamb Meatballs Mint & Parsley 360g",
      "brand": "Woolworths",
      "price": 12.9,
      "original_price": 12.9,
      "price_per_kg": null,
      "unit_type": "ea",
      "saving": 0.0,
      "percent_off": 0.0,
      "deal_type": null,
      "scraped_at": "2026-01-04T23:15:11.452104"
    },
    {
      "store": "Woolworths",
      "name": "Woolworths Sausages Cheese Cocktail 500g",
      "brand": "Woolworths",
      "price": 8.5,
      "original_price": 8.5,
      "price_per_kg": null,
      "unit_type": "ea",
      "saving": 0.0,
      "percent_off": 0.0,
      "deal_type": null,
      "scraped_at": "2026-01-04T23:15:11.468003"
    },
    {
      "store": "Woolworths",
      "name": "Woolworths NZ Pork Steaks Marinated Free Farmed 0.65-1.2kg 12pcs",
      "brand": "Woolworths",
      "price": 26.7,
      "original_price": 26.7,
      "price_per_kg": null,
      "unit_type": "ea",
      "saving": 0.0,
      "percent_off": 0.0,
      "deal_type": null,
      "scraped_at": "2026-01-04T23:15:11.483608"
    },
    {
      "store": "Woolworths",
      "name": "Woolworths NZ Free Farmed 1/4 Ham Champagne Min Order 1.7kg",
      "brand": "Woolworths",
      "price": 33.7,
      "original_price": 33.7,
      "price_per_kg": null,
      "unit_type": "ea",
      "saving": 0.0,
      "percent_off": 0.0,
      "deal_type": null,
      "scraped_at": "2026-01-04T23:15:11.499450"
    },
    {
      "store": "Woolworths",
      "name": "Hellers Sausages Precooked Super Savoury Prepacked 1kg Pack",
      "brand": null,
      "price": 12.0,
      "original_price": 12.0,
      "price_per_kg": null,
      "unit_type": "ea",
      "saving": 0.0,
      "percent_off": 0.0,
      "deal_type": null,
      "scraped_at": "2026-01-04T23:15:11.514880"
    },
    {
      "store": "Woolworths",
      "name": "Woolworths Cook NZ Lamb Rump Rosemary & Honey 0.17-0.55kg",
      "brand": "Woolworths",
      "price": 39.9,
      "original_price": 39.9,
      "price_per_kg": null,
      "unit_type": "ea",
      "saving": 0.0,
      "percent_off": 0.0,
      "deal_type": null,
      "scraped_at": "2026-01-04T23:15:11.530730"
    },
    {
      "store": "Woolworths",
      "name": "Plan*T Meat Alternative Spicy Chorizo 276g",
      "brand": null,
      "price": 9.99,
      "original_price": 11.9,
      "price_per_kg": null,
      "unit_type": "ea",
      "saving": 1.91,
      "percent_off": 16.1,
      "deal_type": null,
      "scraped_at": "2026-01-04T23:15:11.543140"
    },
    {
      "store": "Woolworths",
      "name": "Woolworths NZ Chicken Legs 0.8kg - 1.1kg",
      "brand": "Woolworths",
      "price": 12.3,
      "original_price": 12.3,
      "price_per_kg": null,
      "unit_type": "ea",
      "saving": 0.0,
      "percent_off": 0.0,
      "deal_type": null,
      "scraped_at": "2026-01-04T23:15:11.558785"
    },
    {
      "store": "Woolworths",
      "name": "Plan*T Meat Alternative Sage & Onion Sausages 276g",
      "brand": null,
      "price": 9.99,
      "original_price": 11.9,
      "price_per_kg": null,
      "unit_type": "ea",
      "saving": 1.91,
      "percent_off": 16.1,
      "deal_type": null,
      "scraped_at": "2026-01-04T23:15:11.570943"
    },
    {
      "store": "Woolworths",
      "name": "Woolworths NZ Chicken Wings 0.65-1.2kg",
      "brand": "Woolworths",
      "price": 11.3,
      "original_price": 11.3,
      "price_per_kg": null,
      "unit_type": "ea",
      "saving": 0.0,
      "percent_off": 0.0,
      "deal_type": null,
      "scraped_at": "2026-01-04T23:15:11.586345"
    },
    {
      "store": "Woolworths",
      "name": "Silver Fern Farms Venison Medallions 400g",
      "brand": null,
      "price": 21.95,
      "original_price": 21.95,
      "price_per_kg": null,
      "unit_type": "ea",
      "saving": 0.0,
      "percent_off": 0.0,
      "deal_type": null,
      "scraped_at": "2026-01-04T23:15:11.601929"
    },
    {
      "store": "Woolworths",
      "name": "Woolworths NZ Free Farmed Whole Leg Ham Cooked On The Bone Min Order 9.8kg",
      "brand": "Woolworths",
      "price": 18.99,
      "original_price": 18.99,
      "price_per_kg": null,
      "unit_type": "ea",
      "saving": 0.0,
      "percent_off": 0.0,
      "deal_type": null,
      "scraped_at": "2026-01-04T23:15:11.617590"
    },
    {
      "store": "Woolworths",
      "name": "Woolworths NZ Beef Scotch Fillet Steak Angus Thick Cut 1pc",
      "brand": "Woolworths",
      "price": 58.9,
      "original_price": 58.9,
      "price_per_kg": null,
      "unit_type": "ea",
      "saving": 0.0,
      "percent_off": 0.0,
      "deal_type": null,
      "scraped_at": "2026-01-04T23:15:11.633147"
    },
    {
      "store": "Woolworths",
      "name": "Woolworths NZ Beef Scotch Fillet Steak Thin Cut Grass Fed 4-5pcs",
      "brand": "Woolworths",
      "price": 53.9,
      "original_price": 53.9,
      "price_per_kg": null,
      "unit_type": "ea",
      "saving": 0.0,
      "percent_off": 0.0,
      "deal_type": null,
      "scraped_at": "2026-01-04T23:15:11.648723"
    },
    {
      "store": "Woolworths",
      "name": "Woolworths NZ Beef Sirloin Steak Whole",
      "brand": "Woolworths",
      "price": 46.9,
      "original_price": 46.9,
      "price_per_kg": null,
      "unit_type": "ea",
      "saving": 0.0,
      "percent_off": 0.0,
      "deal_type": null,
      "scraped_at": "2026-01-04T23:15:11.664380"
    },
    {
      "store": "Woolworths",
      "name": "Turks Corn Fed Rissoles Crumbed 500g",
      "brand": null,
      "price": 8.5,
      "original_price": 8.5,
      "price_per_kg": null,
      "unit_type": "ea",
      "saving": 0.0,
      "percent_off": 0.0,
      "deal_type": null,
      "scraped_at": "2026-01-04T23:15:11.679917"
    },
    {
      "store": "Woolworths",
      "name": "Macro Free Range NZ Chicken Breast Schnitzels Crumbed Tray 2pack",
      "brand": null,
      "price": 12.0,
      "original_price": 12.0,
      "price_per_kg": null,
      "unit_type": "ea",
      "saving": 0.0,
      "percent_off": 0.0,
      "deal_type": null,
      "scraped_at": "2026-01-04T23:15:11.695587"
    },
    {
      "store": "Woolworths",
      "name": "Woolworths NZ Beef Sirloin Steak Porterhouse Angus Thick Cut 1pc",
      "brand": "Woolworths",
      "price": 52.9,
      "original_price": 52.9,
      "price_per_kg": null,
      "unit_type": "ea",
      "saving": 0.0,
      "percent_off": 0.0,
      "deal_type": null,
      "scraped_at": "2026-01-04T23:15:11.711008"
    },
    {
      "store": "Woolworths",
      "name": "Woolworths NZ Stir Fry Pork Free Farmed Tray 400g",
      "brand": "Woolworths",
      "price": 11.9,
      "original_price": 11.9,
      "price_per_kg": null,
      "unit_type": "ea",
      "saving": 0.0,
      "percent_off": 0.0,
      "deal_type": null,
      "scraped_at": "2026-01-04T23:15:11.728088"
    },
    {
      "store": "Woolworths",
      "name": "Woolworths Boerewors Beef & Pork Tray 450g",
      "brand": "Woolworths",
      "price": 9.5,
      "original_price": 11.95,
      "price_per_kg": null,
      "unit_type": "ea",
      "saving": 2.4499999999999993,
      "percent_off": 20.5,
      "deal_type": null,
      "scraped_at": "2026-01-04T23:15:11.740423"
    },
    {
      "store": "Woolworths",
      "name": "Hellers Saveloys Classic 500g",
      "brand": null,
      "price": 7.95,
      "original_price": 7.95,
      "price_per_kg": null,
      "unit_type": "ea",
      "saving": 0.0,
      "percent_off": 0.0,
      "deal_type": null,
      "scraped_at": "2026-01-04T23:15:11.755880"
    },
    {
      "store": "Woolworths",
      "name": "Inghams Chicken Livers Pottle 350g",
      "brand": null,
      "price": 6.49,
      "original_price": 6.49,
      "price_per_kg": null,
      "unit_type": "ea",
      "saving": 0.0,
      "percent_off": 0.0,
      "deal_type": null,
      "scraped_at": "2026-01-04T23:15:11.771312"
    },
    {
      "store": "Woolworths",
      "name": "Woolworths Beef Burger Patties Pale Ale 400g Tray 4pack",
      "brand": "Woolworths",
      "price": 10.5,
      "original_price": 10.5,
      "price_per_kg": null,
      "unit_type": "ea",
      "saving": 0.0,
      "percent_off": 0.0,
      "deal_type": null,
      "scraped_at": "2026-01-04T23:15:11.786765"
    },
    {
      "store": "Woolworths",
      "name": "Silver Fern Farms Venison Steaks 220g",
      "brand": null,
      "price": 16.95,
      "original_price": 16.95,
      "price_per_kg": null,
      "unit_type": "ea",
      "saving": 0.0,
      "percent_off": 0.0,
      "deal_type": null,
      "scraped_at": "2026-01-04T23:15:11.802654"
    },
    {
      "store": "Woolworths",
      "name": "Woolworths Beef Sliced Boneless Brisket",
      "brand": "Woolworths",
      "price": 21.9,
      "original_price": 21.9,
      "price_per_kg": null,
      "unit_type": "ea",
      "saving": 0.0,
      "percent_off": 0.0,
      "deal_type": null,
      "scraped_at": "2026-01-04T23:15:11.818227"
    },
    {
      "store": "Woolworths",
      "name": "Birds Eye Plant Based Lamb Strips Greek Style 200g",
      "brand": null,
      "price": 9.0,
      "original_price": 11.5,
      "price_per_kg": null,
      "unit_type": "ea",
      "saving": 2.5,
      "percent_off": 21.7,
      "deal_type": null,
      "scraped_at": "2026-01-04T23:15:11.830718"
    },
    {
      "store": "Woolworths",
      "name": "Beak & Sons Beef Casserole Beef & Ale 600g",
      "brand": null,
      "price": 15.95,
      "original_price": 15.95,
      "price_per_kg": null,
      "unit_type": "ea",
      "saving": 0.0,
      "percent_off": 0.0,
      "deal_type": null,
      "scraped_at": "2026-01-04T23:15:11.846213"
    },
    {
      "store": "Woolworths",
      "name": "Woolworths NZ Lamb Rack Grass Fed Skin On",
      "brand": "Woolworths",
      "price": 52.95,
      "original_price": 52.95,
      "price_per_kg": null,
      "unit_type": "ea",
      "saving": 0.0,
      "percent_off": 0.0,
      "deal_type": null,
      "scraped_at": "2026-01-04T23:15:11.861711"
    },
    {
      "store": "Woolworths",
      "name": "Woolworths NZ Free Farmed Pork Spare Ribs 0.4-0.8kg",
      "brand": "Woolworths",
      "price": 23.79,
      "original_price": 23.79,
      "price_per_kg": null,
      "unit_type": "ea",
      "saving": 0.0,
      "percent_off": 0.0,
      "deal_type": null,
      "scraped_at": "2026-01-04T23:15:26.929798"
    },
    {
      "store": "Woolworths",
      "name": "Woolworths NZ Lamb Gourmet Hind Shanks 0.6-1.3kg 2pcs",
      "brand": "Woolworths",
      "price": 28.9,
      "original_price": 28.9,
      "price_per_kg": null,
      "unit_type": "ea",
      "saving": 0.0,
      "percent_off": 0.0,
      "deal_type": null,
      "scraped_at": "2026-01-04T23:15:26.947129"
    },
    {
      "store": "Woolworths",
      "name": "Woolworths NZ Lamb Spare Ribs Grass Fed 0.5-0.9kg",
      "brand": "Woolworths",
      "price": 28.95,
      "original_price": 28.95,
      "price_per_kg": null,
      "unit_type": "ea",
      "saving": 0.0,
      "percent_off": 0.0,
      "deal_type": null,
      "scraped_at": "2026-01-04T23:15:26.963414"
    },
    {
      "store": "Woolworths",
      "name": "Woolworths Lamb Leg Butterflied 400g",
      "brand": "Woolworths",
      "price": 23.95,
      "original_price": 23.95,
      "price_per_kg": null,
      "unit_type": "ea",
      "saving": 0.0,
      "percent_off": 0.0,
      "deal_type": null,
      "scraped_at": "2026-01-04T23:15:26.979357"
    },
    {
      "store": "Woolworths",
      "name": "Woolworths NZ Free Farmed Half Ham Champagne Min Order 3.5kg",
      "brand": "Woolworths",
      "price": 33.7,
      "original_price": 33.7,
      "price_per_kg": null,
      "unit_type": "ea",
      "saving": 0.0,
      "percent_off": 0.0,
      "deal_type": null,
      "scraped_at": "2026-01-04T23:15:26.995367"
    },
    {
      "store": "Woolworths",
      "name": "Asado Beef Short Ribs Min Order 600g",
      "brand": null,
      "price": 29.9,
      "original_price": 29.9,
      "price_per_kg": null,
      "unit_type": "ea",
      "saving": 0.0,
      "percent_off": 0.0,
      "deal_type": null,
      "scraped_at": "2026-01-04T23:15:27.011130"
    },
    {
      "store": "Woolworths",
      "name": "Woolworths NZ Free Farmed Whole Leg Ham Champagne Min Order 4kg",
      "brand": "Woolworths",
      "price": 33.7,
      "original_price": 33.7,
      "price_per_kg": null,
      "unit_type": "ea",
      "saving": 0.0,
      "percent_off": 0.0,
      "deal_type": null,
      "scraped_at": "2026-01-04T23:15:27.027575"
    },
    {
      "store": "Woolworths",
      "name": "Woolworths Whole Chicken Cranberry & Spiced Ginger 1.5kg",
      "brand": "Woolworths",
      "price": 15.9,
      "original_price": 15.9,
      "price_per_kg": null,
      "unit_type": "ea",
      "saving": 0.0,
      "percent_off": 0.0,
      "deal_type": null,
      "scraped_at": "2026-01-04T23:15:27.044370"
    },
    {
      "store": "Woolworths",
      "name": "Woolworths Lamb Offcuts Bone In",
      "brand": "Woolworths",
      "price": 12.95,
      "original_price": 12.95,
      "price_per_kg": null,
      "unit_type": "ea",
      "saving": 0.0,
      "percent_off": 0.0,
      "deal_type": null,
      "scraped_at": "2026-01-04T23:15:27.059985"
    },
    {
      "store": "Woolworths",
      "name": "Plan*T Vegan Frozen Meal Southern Fried Chicken 300g",
      "brand": null,
      "price": 13.0,
      "original_price": 13.0,
      "price_per_kg": null,
      "unit_type": "ea",
      "saving": 0.0,
      "percent_off": 0.0,
      "deal_type": null,
      "scraped_at": "2026-01-04T23:15:27.075917"
    },
    {
      "store": "Woolworths",
      "name": "Woolworths Cook NZ Chicken Drumsticks Crumbed 0.55kg - 0.7kg",
      "brand": "Woolworths",
      "price": 13.2,
      "original_price": 13.2,
      "price_per_kg": null,
      "unit_type": "ea",
      "saving": 0.0,
      "percent_off": 0.0,
      "deal_type": null,
      "scraped_at": "2026-01-04T23:15:27.092030"
    },
    {
      "store": "Woolworths",
      "name": "Woolworths NZ Free Farmed Pork Hock 0.4-1.1kg",
      "brand": "Woolworths",
      "price": 10.9,
      "original_price": 10.9,
      "price_per_kg": null,
      "unit_type": "ea",
      "saving": 0.0,
      "percent_off": 0.0,
      "deal_type": null,
      "scraped_at": "2026-01-04T23:15:27.116820"
    },
    {
      "store": "Woolworths",
      "name": "Woolworths Whole Leg Ham Cooked On The Bone Min Order 10kg",
      "brand": "Woolworths",
      "price": 14.9,
      "original_price": 14.9,
      "price_per_kg": null,
      "unit_type": "ea",
      "saving": 0.0,
      "percent_off": 0.0,
      "deal_type": null,
      "scraped_at": "2026-01-04T23:15:27.132743"
    },
    {
      "store": "Woolworths",
      "name": "Tegel Free Range Breakfast Sausage 10 Pack 250g",
      "brand": null,
      "price": 8.5,
      "original_price": 8.5,
      "price_per_kg": null,
      "unit_type": "ea",
      "saving": 0.0,
      "percent_off": 0.0,
      "deal_type": null,
      "scraped_at": "2026-01-04T23:15:27.148211"
    },
    {
      "store": "Woolworths",
      "name": "Woolworths NZ Pork Loin Steaks Marinated 300g Tray 2pack",
      "brand": "Woolworths",
      "price": 12.0,
      "original_price": 12.0,
      "price_per_kg": null,
      "unit_type": "ea",
      "saving": 0.0,
      "percent_off": 0.0,
      "deal_type": null,
      "scraped_at": "2026-01-04T23:15:27.163941"
    },
    {
      "store": "Woolworths",
      "name": "Plan*T Smoky Chipotle Burger Patties Plant Based 230g 2pack",
      "brand": null,
      "price": 9.99,
      "original_price": 9.99,
      "price_per_kg": null,
      "unit_type": "ea",
      "saving": 0.0,
      "percent_off": 0.0,
      "deal_type": null,
      "scraped_at": "2026-01-04T23:15:27.179486"
    },
    {
      "store": "Woolworths",
      "name": "Ww Cook Chicken Thigh Fillets Chilli & Ginger Per Kg",
      "brand": null,
      "price": 25.99,
      "original_price": 25.99,
      "price_per_kg": null,
      "unit_type": "ea",
      "saving": 0.0,
      "percent_off": 0.0,
      "deal_type": null,
      "scraped_at": "2026-01-04T23:15:27.195273"
    },
    {
      "store": "Woolworths",
      "name": "Beak & Sons Lamb Shanks Garlic & Rosemary Min Order 750g",
      "brand": null,
      "price": 27.8,
      "original_price": 30.9,
      "price_per_kg": null,
      "unit_type": "ea",
      "saving": 3.099999999999998,
      "percent_off": 10.0,
      "deal_type": null,
      "scraped_at": "2026-01-04T23:15:27.207592"
    },
    {
      "store": "Woolworths",
      "name": "Woolworths NZ Chicken Breast Burgers Spicy Southern Style Tray 2pack",
      "brand": "Woolworths",
      "price": 9.0,
      "original_price": 9.0,
      "price_per_kg": null,
      "unit_type": "ea",
      "saving": 0.0,
      "percent_off": 0.0,
      "deal_type": null,
      "scraped_at": "2026-01-04T23:15:27.223334"
    },
    {
      "store": "Woolworths",
      "name": "First Light Burger Patties Wagyu Beef Sliders 400g",
      "brand": null,
      "price": 11.65,
      "original_price": 12.99,
      "price_per_kg": null,
      "unit_type": "ea",
      "saving": 1.34,
      "percent_off": 10.3,
      "deal_type": null,
      "scraped_at": "2026-01-04T23:15:27.236089"
    },
    {
      "store": "Woolworths",
      "name": "Woolworths Pork Steak Scotch",
      "brand": "Woolworths",
      "price": 35.0,
      "original_price": 35.0,
      "price_per_kg": null,
      "unit_type": "ea",
      "saving": 0.0,
      "percent_off": 0.0,
      "deal_type": null,
      "scraped_at": "2026-01-04T23:15:27.251738"
    },
    {
      "store": "Woolworths",
      "name": "Beak & Sons Sweet & Sour Pork Heat & Eat 600g",
      "brand": null,
      "price": 15.95,
      "original_price": 15.95,
      "price_per_kg": null,
      "unit_type": "ea",
      "saving": 0.0,
      "percent_off": 0.0,
      "deal_type": null,
      "scraped_at": "2026-01-04T23:15:27.267374"
    },
    {
      "store": "Woolworths",
      "name": "Silver Fern Farms Burgers Beef & Venison Chilli & Lime 2 Pack 500g",
      "brand": null,
      "price": 13.45,
      "original_price": 13.45,
      "price_per_kg": null,
      "unit_type": "ea",
      "saving": 0.0,
      "percent_off": 0.0,
      "deal_type": null,
      "scraped_at": "2026-01-04T23:15:27.283867"
    },
    {
      "store": "Woolworths",
      "name": "Beak & Sons Pork Belly Smoky Maple 600g",
      "brand": null,
      "price": 20.7,
      "original_price": 22.99,
      "price_per_kg": null,
      "unit_type": "ea",
      "saving": 2.289999999999999,
      "percent_off": 10.0,
      "deal_type": null,
      "scraped_at": "2026-01-04T23:15:27.296641"
    },
    {
      "store": "Woolworths",
      "name": "Silver Fern Farms Lamb Loin Fillets 340g",
      "brand": null,
      "price": 24.95,
      "original_price": 24.95,
      "price_per_kg": null,
      "unit_type": "ea",
      "saving": 0.0,
      "percent_off": 0.0,
      "deal_type": null,
      "scraped_at": "2026-01-04T23:15:27.312238"
    },
    {
      "store": "Woolworths",
      "name": "Beak & Sons Bbq Pork Ribs Craft Beer Glazed Min Order 1kg",
      "brand": null,
      "price": 24.49,
      "original_price": 24.49,
      "price_per_kg": null,
      "unit_type": "ea",
      "saving": 0.0,
      "percent_off": 0.0,
      "deal_type": null,
      "scraped_at": "2026-01-04T23:15:27.327947"
    },
    {
      "store": "Woolworths",
      "name": "Woolworths Beef Meatballs Angus 12 Pack 360g",
      "brand": "Woolworths",
      "price": 12.9,
      "original_price": 12.9,
      "price_per_kg": null,
      "unit_type": "ea",
      "saving": 0.0,
      "percent_off": 0.0,
      "deal_type": null,
      "scraped_at": "2026-01-04T23:15:27.343378"
    },
    {
      "store": "Woolworths",
      "name": "Riverside Farm Duck Leg Confit Style 160g",
      "brand": null,
      "price": 8.5,
      "original_price": 8.5,
      "price_per_kg": null,
      "unit_type": "ea",
      "saving": 0.0,
      "percent_off": 0.0,
      "deal_type": null,
      "scraped_at": "2026-01-04T23:15:27.359202"
    },
    {
      "store": "Woolworths",
      "name": "Plan*T Vegan Frozen Meal Korean Fried Chicken 300g",
      "brand": null,
      "price": 13.0,
      "original_price": 13.0,
      "price_per_kg": null,
      "unit_type": "ea",
      "saving": 0.0,
      "percent_off": 0.0,
      "deal_type": null,
      "scraped_at": "2026-01-04T23:15:27.374762"
    },
    {
      "store": "Woolworths",
      "name": "Beak & Sons Beef Brisket Bourbon Prepacked 600g",
      "brand": null,
      "price": 22.5,
      "original_price": 24.95,
      "price_per_kg": null,
      "unit_type": "ea",
      "saving": 2.4499999999999993,
      "percent_off": 9.8,
      "deal_type": null,
      "scraped_at": "2026-01-04T23:15:27.387177"
    },
    {
      "store": "Woolworths",
      "name": "First Light Venison Burger Patties 400g",
      "brand": null,
      "price": 11.1,
      "original_price": 12.45,
      "price_per_kg": null,
      "unit_type": "ea",
      "saving": 1.3499999999999996,
      "percent_off": 10.8,
      "deal_type": null,
      "scraped_at": "2026-01-04T23:15:27.399515"
    },
    {
      "store": "Woolworths",
      "name": "Sun Pork Pork Belly Min Order 700g",
      "brand": null,
      "price": 34.0,
      "original_price": 34.0,
      "price_per_kg": null,
      "unit_type": "ea",
      "saving": 0.0,
      "percent_off": 0.0,
      "deal_type": null,
      "scraped_at": "2026-01-04T23:15:27.415072"
    },
    {
      "store": "Woolworths",
      "name": "Plan*T Crispy Chicken Burger Patties Plant Based 230g 2pack",
      "brand": null,
      "price": 9.99,
      "original_price": 9.99,
      "price_per_kg": null,
      "unit_type": "ea",
      "saving": 0.0,
      "percent_off": 0.0,
      "deal_type": null,
      "scraped_at": "2026-01-04T23:15:27.430746"
    },
    {
      "store": "Woolworths",
      "name": "Woolworths Cook Chicken Wings Korean Min Order 1.1kg",
      "brand": "Woolworths",
      "price": 13.3,
      "original_price": 14.8,
      "price_per_kg": null,
      "unit_type": "ea",
      "saving": 1.5,
      "percent_off": 10.1,
      "deal_type": null,
      "scraped_at": "2026-01-04T23:15:27.443097"
    },
    {
      "store": "Woolworths",
      "name": "Woolworths NZ Bbq Lamb Riblets Smokey Chipotle Chilli Glaze 0.55-0.75kg",
      "brand": "Woolworths",
      "price": 28.95,
      "original_price": 28.95,
      "price_per_kg": null,
      "unit_type": "ea",
      "saving": 0.0,
      "percent_off": 0.0,
      "deal_type": null,
      "scraped_at": "2026-01-04T23:15:27.458630"
    },
    {
      "store": "Woolworths",
      "name": "Woolworths NZ Beef Scotch Steak Grass Fed Min Order 1.4kg",
      "brand": "Woolworths",
      "price": 43.9,
      "original_price": 43.9,
      "price_per_kg": null,
      "unit_type": "ea",
      "saving": 0.0,
      "percent_off": 0.0,
      "deal_type": null,
      "scraped_at": "2026-01-04T23:15:27.474238"
    },
    {
      "store": "Woolworths",
      "name": "Woolworths Lamb Shoulder Boneless With Stuffing",
      "brand": "Woolworths",
      "price": 29.9,
      "original_price": 39.95,
      "price_per_kg": null,
      "unit_type": "ea",
      "saving": 10.050000000000004,
      "percent_off": 25.2,
      "deal_type": null,
      "scraped_at": "2026-01-04T23:15:27.486856"
    },
    {
      "store": "Woolworths",
      "name": "Meat Street Beef Grillsticks Cheesy Bacon 5 Pack 300g",
      "brand": null,
      "price": 8.5,
      "original_price": 8.5,
      "price_per_kg": null,
      "unit_type": "ea",
      "saving": 0.0,
      "percent_off": 0.0,
      "deal_type": null,
      "scraped_at": "2026-01-04T23:15:27.502740"
    },
    {
      "store": "Woolworths",
      "name": "Woolworths NZ Beef Eye Angus Thick Cut 0.18-0.5kg 1pc",
      "brand": "Woolworths",
      "price": 75.9,
      "original_price": 75.9,
      "price_per_kg": null,
      "unit_type": "ea",
      "saving": 0.0,
      "percent_off": 0.0,
      "deal_type": null,
      "scraped_at": "2026-01-04T23:15:27.518867"
    },
    {
      "store": "Woolworths",
      "name": "Woolworths Bbq NZ Pork Spare Ribs Chinese Honey Style 0.4-0.7kg",
      "brand": "Woolworths",
      "price": 23.79,
      "original_price": 23.79,
      "price_per_kg": null,
      "unit_type": "ea",
      "saving": 0.0,
      "percent_off": 0.0,
      "deal_type": null,
      "scraped_at": "2026-01-04T23:15:27.534915"
    },
    {
      "store": "Woolworths",
      "name": "Beak & Sons Beef Curry Indian 600g",
      "brand": null,
      "price": 15.95,
      "original_price": 15.95,
      "price_per_kg": null,
      "unit_type": "ea",
      "saving": 0.0,
      "percent_off": 0.0,
      "deal_type": null,
      "scraped_at": "2026-01-04T23:15:27.550460"
    },
    {
      "store": "Woolworths",
      "name": "Woolworths Sausages Pork Cranberry & Apple 6 Pack Tray 450g",
      "brand": "Woolworths",
      "price": 6.9,
      "original_price": 8.9,
      "price_per_kg": null,
      "unit_type": "ea",
      "saving": 2.0,
      "percent_off": 22.5,
      "deal_type": null,
      "scraped_at": "2026-01-04T23:15:27.562893"
    },
    {
      "store": "Woolworths",
      "name": "Woolworths Pork Shoulder Roast With Stuffing",
      "brand": "Woolworths",
      "price": 24.9,
      "original_price": 28.0,
      "price_per_kg": null,
      "unit_type": "ea",
      "saving": 3.1000000000000014,
      "percent_off": 11.1,
      "deal_type": null,
      "scraped_at": "2026-01-04T23:15:27.575277"
    },
    {
      "store": "Woolworths",
      "name": "Woolworths NZ Chicken Nibbles Crumbed Tray 320g",
      "brand": "Woolworths",
      "price": 9.0,
      "original_price": 9.0,
      "price_per_kg": null,
      "unit_type": "ea",
      "saving": 0.0,
      "percent_off": 0.0,
      "deal_type": null,
      "scraped_at": "2026-01-04T23:15:27.591044"
    }
  ]
}